Date / Period,Business Unit / Department,Revenue (Actual),Revenue (Budget / Forecast),Cost of Goods Sold (COGS),Gross Profit,Operating Expenses (OPEX),EBITDA,Net Income,Cash Inflows,Cash Outflows,Net Cash Flow,Cash Balance,Accounts Receivable (AR),Accounts Payable (AP),Days Sales Outstanding (DSO),Days Payable Outstanding (DPO),Working Capital,Total Assets,Total Liabilities,Equity,Debt Outstanding,Debt-to-Equity Ratio,Current Ratio,Budget Variance (%),Year-over-Year Growth (%),Return on Equity (ROE),Return on Assets (ROA),Gross Margin %,Operating Margin %,EBITDA Margin %,Inventory Value,Inventory Turnover,Capital Expenditure (CapEx),Operational Expenditure (OpEx),Headcount,Cost per Employee,Sales Pipeline Value,Order Backlog
12/13/2019,HR,431371,216427,57727,225285,7574,71045,120927,390226,81777,29097,826899,141869,51625,95,50,58212,834613,3318554,2148268,1432610,2.3,2.43,-11.75,-18.07,6.53,19.73,17.52,43.33,7.61,103585,9.35,14096,107631,2495,151828,266645,101668
2/2/2019,IT,94199,454707,178944,240037,16599,193996,94142,88152,170627,-18593,111317,157928,183163,118,22,264378,777492,3684104,372101,44244,0.47,2.37,-19.36,41.49,19.83,-4.82,30.27,24.63,28.37,353548,1.62,48557,223500,1768,61977,684747,60003
3/26/2023,IT,361730,389843,28222,128108,37020,61332,16710,257057,60536,65452,548714,20959,100541,14,79,177071,303039,1999797,2281674,733134,2.55,1.19,21.73,44.92,11.8,2.6,66.24,37.68,25.27,172868,1.5,132036,72307,227,103762,368314,124659
1/5/2016,Finance,73151,210956,30376,278325,113521,151142,120182,294165,137194,-40251,532611,154852,48483,94,101,41892,3537163,1729275,213980,1223119,2.85,3.21,1.3,-6.69,8.48,16.41,36.51,10.48,30.42,222040,4.02,93531,137024,321,149336,959269,309035
6/16/2021,Sales,376787,211144,92316,137390,80510,87868,50218,329299,290133,-8188,576339,177113,176954,93,78,-25994,3179655,1826866,990656,29472,1.66,2.03,4.32,18.8,2.14,7.8,67.44,8.48,17.7,305517,2.14,173987,156828,4770,36818,822586,253924
5/11/2022,HR,428842,206867,89986,247006,50297,49679,142143,258433,22753,16530,534956,192507,128878,102,17,37816,4278540,3081702,1409331,963804,2.52,2.48,-15.17,47.17,19.65,9.88,55.87,14.38,22.4,124742,5.66,151642,280090,2823,57134,991055,291864
10/21/2020,Marketing,236473,63835,48143,104580,94701,86378,85316,32286,268463,20671,448912,194276,60409,39,26,-81083,1800090,3891027,932223,1317713,1.46,0.88,11.66,16.0,11.69,4.31,69.14,35.0,12.32,156441,1.84,185163,194257,3430,50897,680099,74831
8/1/2024,HR,296374,105727,70983,157760,35163,85877,2381,107993,22651,-13090,139014,139260,58467,56,13,-6191,3872995,970319,2964134,636042,2.6,0.95,-13.38,17.22,-4.71,14.32,63.81,27.92,34.44,237398,5.37,100667,110021,1070,124310,253352,191457
11/19/2020,HR,376536,452570,191903,164702,68087,89725,-2922,57789,123777,28971,486890,57033,78582,115,94,201829,4688935,1472679,2291329,1471659,0.36,0.78,-17.9,-4.09,7.23,5.63,49.09,8.97,32.08,151839,2.91,16514,203865,91,187075,932576,169146
9/24/2021,Finance,80918,204522,34798,123554,101875,23140,48245,41227,26294,82446,216712,175155,195062,25,76,90491,2203197,93234,538823,963345,1.82,2.72,-4.01,45.65,-8.26,12.32,65.4,32.6,34.34,466699,2.03,6351,130405,432,147331,347677,225824
1/1/2021,Operations,255551,75937,51364,57102,18127,38604,93484,99764,243913,39412,490101,193261,169926,31,116,278202,4070420,3375509,621247,1833453,0.14,1.06,3.83,27.8,-6.4,5.28,69.21,25.44,39.42,415488,4.0,36675,255607,968,73987,295581,68480
9/17/2018,Operations,91173,376197,140305,24844,118382,71762,47819,59552,215552,83467,722254,39612,81671,116,62,158866,4083099,3208949,362069,55559,1.39,2.2,20.1,4.56,-8.85,7.55,10.16,19.51,11.78,222465,8.97,39239,192856,938,143606,239849,282643
8/18/2019,Marketing,371654,164568,167830,175085,116750,107144,50150,70041,95439,95866,673175,72324,120404,89,100,29177,1568445,555527,1315357,484720,2.71,1.84,-4.93,23.49,19.7,-4.08,23.8,32.1,24.89,26216,9.88,18500,138314,3855,48491,357109,261515
6/18/2015,HR,165117,316522,184655,118085,108578,26089,50689,287163,21708,78893,861350,27988,15688,22,16,169357,1321042,2188079,2284562,1949359,2.7,2.06,26.72,44.31,11.46,17.3,78.19,46.25,5.69,452102,2.18,109544,191439,2273,121626,422830,252040
10/20/2023,Marketing,388207,406621,89758,280768,60480,42672,61216,335290,279180,49022,18622,133271,41033,23,79,-48596,2129742,607793,489671,765607,0.64,1.18,-21.24,-14.88,-1.45,15.89,63.18,8.41,9.0,181756,4.7,13023,183594,2380,184582,220483,177088
8/11/2024,HR,297166,539670,190488,71178,9359,124522,125862,30242,206898,63521,441398,139330,156243,75,27,66094,2875203,778619,925026,1710447,0.93,2.37,6.71,-5.33,2.0,2.41,45.64,27.24,33.18,171370,6.18,93558,267147,966,171342,130282,325767
8/18/2020,Marketing,499065,333407,23864,141696,104784,99196,-9747,187231,58533,-10380,213595,98957,55770,90,37,217750,3682853,101098,847461,21079,0.55,0.79,1.7,18.34,3.35,-4.19,58.61,49.25,28.23,443134,9.24,7976,41395,2021,178580,680953,160409
9/5/2015,Finance,262723,329516,90039,73453,34234,64175,-2275,46574,179277,41217,888348,74202,31564,38,43,14355,552062,643755,271732,742617,2.42,1.34,-2.23,-13.19,7.14,-1.66,64.55,39.16,34.39,489552,6.35,110272,110537,3815,135924,550987,75614
9/17/2022,Sales,308255,381061,113685,273426,61637,152223,133726,359462,180004,13421,481365,52988,98608,26,83,181733,3225208,2926012,1852209,479236,2.83,3.48,15.64,38.4,-6.48,19.16,40.74,45.05,29.03,47504,2.25,82704,60998,2826,137187,844106,369898
7/4/2021,Operations,206563,328426,83982,54062,6928,42284,5379,182936,96068,66107,322156,141398,20681,71,46,15179,2381796,480643,444028,1155266,1.58,2.77,6.55,30.59,6.95,13.77,26.12,11.78,21.89,455832,9.15,129794,282656,1395,119735,805368,484653
10/23/2023,Marketing,161882,519498,146328,60866,115427,108212,6622,370977,92039,74875,634493,39418,130211,55,14,-19997,1724501,3456687,954636,1687312,1.26,2.3,26.35,42.49,4.11,2.44,77.11,20.8,26.64,495539,2.54,99235,253695,4990,56317,962165,261486
1/19/2017,Sales,398162,284356,102280,141770,64440,150798,141318,41290,65585,91593,740007,11953,149888,13,104,184486,4086174,1709632,1938561,710200,0.8,2.75,-20.71,30.96,21.14,12.99,50.91,24.63,6.73,11736,5.12,102653,229972,1744,198465,97887,449165
9/28/2022,HR,64463,546596,66213,240919,23939,122356,15035,184875,209288,-12601,745714,144161,12303,25,51,-1914,1682662,1799136,695020,723568,1.37,1.41,10.89,42.02,3.3,-1.08,16.61,13.69,38.43,467806,9.25,24327,27917,1960,33065,882218,270977
3/19/2023,Sales,176444,281073,176058,153209,77408,160842,-19983,175818,205095,-9584,571855,96681,167699,30,15,264406,815292,2675726,2240148,1700424,0.57,2.02,20.22,47.12,-0.04,2.03,63.28,30.61,11.03,161566,7.81,191839,259015,2342,146921,538304,338405
10/28/2015,Marketing,421529,288092,123547,38988,15867,14162,137755,283117,262040,88452,762183,18694,175200,110,57,-22650,3539359,1860164,159530,1729027,2.77,1.42,11.59,-0.93,11.44,8.06,55.23,40.62,28.59,436521,2.77,169581,201285,84,70768,741010,337832
11/14/2016,HR,112987,490988,169914,47900,34619,69420,142858,267873,73318,-32194,291601,71330,44863,32,61,164918,1703947,3063984,1779493,1346264,0.61,3.04,-19.63,23.82,18.5,5.65,53.31,37.52,12.67,224847,5.45,154186,78537,251,28481,787233,412744
6/5/2017,Operations,260077,88402,110691,151298,14471,42409,89183,262391,231100,71831,780129,17134,61889,44,62,145956,1044425,3275856,575355,434211,1.9,1.15,-6.34,9.64,14.52,12.57,17.36,34.88,24.25,186065,7.73,151456,200827,2279,176059,638244,134126
6/27/2022,Finance,319273,466532,109554,69867,45919,162460,146981,367856,128209,63494,644620,156367,75533,48,57,-54332,3942229,2364084,1920354,1421346,2.76,3.34,5.2,3.51,13.21,15.31,44.72,7.17,11.7,396001,9.07,155329,274713,1414,89231,989744,204675
3/12/2022,Operations,247418,464835,95600,143612,25792,96591,138801,98705,179785,61141,347120,162289,14919,14,37,82858,2477861,84095,1996435,977347,0.16,2.54,13.52,15.75,-0.62,16.65,42.83,43.37,38.34,66843,1.24,131702,32806,2205,51855,630228,29906
5/21/2024,IT,350233,455585,83030,234251,78177,128464,67383,220741,60445,-1892,92520,162200,16337,116,94,-80020,2361737,428453,1107732,612487,2.92,3.46,20.45,35.52,11.03,12.58,24.51,42.37,30.42,272029,1.15,192816,27975,924,176312,552367,19432
5/3/2015,Marketing,387016,278164,58847,125160,57044,83380,115852,250696,234037,16425,955641,83816,78783,93,107,111655,2016001,1442211,2377764,1353435,0.85,1.15,-5.02,20.14,3.29,10.59,71.93,38.31,10.97,337599,6.96,159300,291728,3537,27194,165285,211800
3/15/2016,Operations,247250,393417,193224,238570,44046,115453,25908,133036,124469,97851,740828,77867,41841,17,70,288779,3987315,2596645,209268,887997,0.93,2.42,-18.7,-6.37,24.37,8.13,28.01,13.43,5.01,217973,9.44,127622,288812,4321,108612,565886,231899
5/9/2016,Marketing,66578,364878,145959,38347,43921,44083,108502,268486,144354,13484,885222,72452,96634,55,106,152537,3478262,2059826,1973341,175542,1.28,0.66,-26.95,33.39,19.62,5.79,27.53,6.51,30.17,115351,2.7,41173,139058,1818,138501,11444,396983
6/21/2015,IT,175496,206273,52519,241086,21106,20259,100220,90617,106904,-15993,448420,93084,49987,82,11,-80755,4816613,2145423,363218,260142,0.45,1.22,-25.65,45.12,16.85,16.53,37.66,5.41,20.15,282364,3.26,65888,125523,1544,23673,177789,263139
1/5/2017,Finance,225591,414251,70791,108638,44674,52080,146361,88427,84278,38455,696976,63476,80581,53,31,-42467,3761275,3233218,2866239,288177,2.65,1.33,-18.94,45.83,17.37,6.62,22.69,17.84,25.48,245833,2.9,184712,164932,886,90843,521934,203943
3/28/2018,Finance,193335,471067,155924,55890,126903,153750,-11326,200160,297966,-37317,329476,45796,151652,111,82,266345,892284,2320522,2393020,1674476,0.43,3.1,-8.73,39.45,14.36,-1.53,29.99,47.29,34.15,303635,5.58,56329,60799,1101,153205,311355,129908
12/3/2016,Operations,77918,468827,46215,106019,45759,49564,37085,58373,27600,-34015,178266,13837,138298,42,23,-55909,1757724,359895,2890935,882117,0.19,3.23,-15.0,45.95,8.58,-4.95,27.09,14.27,7.06,230158,9.56,117352,124933,4663,124247,698720,240820
8/6/2021,Operations,66350,210120,75145,184248,22421,53502,95166,70642,286703,67012,413931,193758,155524,106,94,-66591,4700305,1907084,2852935,1221794,2.32,1.84,20.54,8.09,2.48,4.65,74.32,45.49,34.45,230501,7.66,101601,128365,584,83276,38192,111939
11/30/2019,IT,497943,462971,182350,23075,140702,165044,124588,259349,187885,-845,425899,72254,14282,119,72,567,4452676,3551764,1518221,440231,1.93,2.52,29.33,47.31,23.72,4.43,50.87,7.9,34.89,124186,1.0,148785,197775,3820,50030,413347,287370
10/26/2021,IT,305972,288111,115810,200504,109202,8003,-13845,394969,47543,47681,245722,52582,50958,80,30,230402,936336,3408736,211532,933086,1.27,1.03,28.24,34.22,-6.71,15.27,79.79,47.88,29.89,202000,6.37,111087,87632,3316,177443,337954,105736
7/21/2023,Sales,363798,105869,142354,178612,139511,145723,55809,331179,132599,61432,216859,175210,23719,88,85,127408,2355627,1383263,1037139,475736,0.46,2.56,0.02,-10.51,-8.66,15.32,18.03,15.1,11.02,101976,8.95,186388,213833,1359,197201,609588,27898
3/4/2019,IT,450623,147694,24161,62204,45152,87925,-12635,165624,50698,-32684,910511,81223,110537,73,109,-15680,3356502,1258119,1052113,108371,2.96,2.25,16.65,11.26,19.02,-3.42,20.0,5.09,36.78,445375,4.06,67109,293566,980,24756,183123,159242
10/3/2021,Marketing,228587,513795,53163,166050,27592,95752,6320,47117,284652,57772,614102,28983,135288,89,25,72713,422239,1701686,2175663,1246150,0.61,3.37,5.66,29.43,21.09,11.32,61.27,42.55,32.24,279460,8.59,16130,267461,2011,52104,636008,313036
7/15/2023,Sales,125573,139925,72384,117768,145102,153603,12179,159475,193244,9000,753540,49654,191906,67,44,156361,934569,95191,2054283,1638944,1.42,3.13,-25.14,13.44,-7.46,1.3,75.96,14.22,34.81,367674,1.39,172158,83285,2636,170941,18557,311203
2/19/2019,HR,358418,411951,110392,266463,16047,172387,126660,367405,281037,40206,481415,130582,10209,56,115,52243,2600803,2725516,827577,277660,0.64,2.39,-14.69,24.08,-2.78,13.27,32.16,27.3,11.66,101707,1.1,151569,178105,4293,150132,456404,119151
1/11/2015,IT,304178,160393,20665,171031,142860,198795,-16744,399868,60423,5383,18766,80006,65031,34,64,-70270,3148577,1322865,430011,1700397,0.83,0.67,-21.41,21.31,16.46,-4.3,68.09,10.67,25.73,248507,2.95,81043,19080,3009,104816,117629,400436
1/4/2017,Marketing,57080,467595,169451,148058,123961,126722,111226,70955,93699,62922,662889,34175,173072,50,18,123307,208637,2710382,1114777,635517,2.61,1.61,-18.35,25.03,20.4,0.98,23.82,8.33,14.06,10166,8.81,157041,14643,1372,80651,149448,46810
1/2/2018,Operations,153425,205754,53061,103767,56942,160709,70742,354767,242073,84769,636310,127959,133403,41,46,24228,670364,1583609,2469152,1823295,2.03,1.22,17.74,32.4,21.6,-3.02,60.61,29.8,38.36,308610,1.32,65530,180217,2655,33061,542015,455246
8/23/2017,HR,181419,372872,89602,180689,44324,26168,139972,268207,59033,89031,740283,89817,192460,84,67,88403,3168856,1603600,1777169,454421,0.17,1.91,2.98,16.27,-0.12,14.06,21.33,11.65,16.31,423701,6.93,28805,255976,2604,96382,464938,128018
7/25/2016,IT,134948,517998,86236,46858,33066,175593,77485,154864,200479,38252,419470,68938,55903,56,48,249935,2366246,996497,1820646,1193600,1.1,2.68,-25.16,-5.82,8.72,1.75,50.37,21.13,28.52,209527,6.78,12131,121707,2758,86811,652147,121910
2/12/2021,Sales,70708,196717,196940,144806,59396,147378,101420,263186,33511,54139,612392,39123,42919,12,83,-1695,2457641,1951313,2713734,1236746,2.87,2.99,-9.47,34.8,3.83,-0.76,42.62,44.71,24.6,84468,9.16,111255,190207,1444,155438,295887,249619
3/16/2020,Sales,407267,371296,198121,84111,15146,118991,38080,263867,170279,54105,17772,81701,97044,51,90,3554,2120039,384255,191893,1580563,1.91,1.34,21.88,26.67,12.81,1.8,66.75,29.37,8.58,337638,5.58,63312,153000,1359,174362,54984,47137
1/30/2017,HR,213116,541169,76581,228416,113648,83975,125924,359953,250259,70899,353750,11641,179359,37,21,-75470,2181994,3585566,1473299,365758,2.93,2.34,19.37,40.62,7.88,17.13,36.36,19.44,29.03,487946,8.85,138230,179779,323,47707,699892,427166
6/2/2015,Operations,492583,459917,148563,272444,133939,111549,-19972,380444,226959,-49211,123697,53556,190116,105,13,5294,2165943,1975391,1116781,567331,2.23,1.48,12.43,34.87,6.26,15.5,47.56,23.27,30.2,484667,6.64,185308,205287,4100,102558,982409,296599
12/18/2017,Operations,406897,233828,82526,50528,130939,129393,70031,70102,53469,45276,691166,195505,31670,44,38,107684,3436385,2946745,1776488,229693,2.65,2.11,-2.37,37.91,16.57,16.38,40.0,39.7,25.28,307324,6.74,149371,283335,2624,43862,612720,299936
10/23/2018,Marketing,416656,265804,176883,35763,109023,145232,23763,278291,133070,55336,402780,66787,51716,11,22,299677,2793640,887645,1707030,657009,0.55,2.79,9.16,15.25,8.03,0.55,11.15,13.2,33.99,89381,2.62,19066,225614,3181,78056,582221,140732
6/10/2020,Sales,169189,464754,113202,71387,51968,51804,-9402,384724,95105,78499,796803,165261,53707,33,92,183730,1941224,2064889,2685776,1474659,0.7,0.57,5.3,-11.31,18.2,-3.15,34.77,9.18,38.42,403146,6.18,9942,30365,3019,40469,228091,470931
4/8/2023,IT,366713,219173,126851,16408,148490,161791,88878,135823,96041,67712,504439,20159,96062,57,14,294492,3143573,2802176,1447516,1718966,1.38,2.74,-22.73,48.31,-2.63,-4.81,45.18,16.2,23.96,65234,3.91,137929,295982,4350,111277,975871,106267
4/19/2021,Operations,284595,207300,191094,128515,78558,181017,-10845,272418,177092,14839,145749,45114,132046,35,11,47877,2791934,2458534,292190,109890,1.35,1.58,26.29,-4.62,12.99,14.71,55.94,7.44,9.24,329858,3.55,175882,220705,4938,179303,300553,69433
1/7/2016,HR,296888,86548,121982,295173,31698,70527,63328,202839,233155,50086,758887,161325,124792,26,108,-62627,3679533,3851475,598572,1536164,2.08,0.79,-9.89,-12.48,6.81,-4.59,38.47,41.1,13.45,282211,5.37,156684,218586,4790,68255,740325,69117
12/13/2020,HR,316466,156587,144570,264915,149796,89694,23541,332072,43181,97014,272110,8031,10523,32,51,85920,1692761,874319,122112,882779,1.53,2.85,25.86,44.29,23.04,2.56,60.14,36.49,11.3,231354,1.73,103399,188320,1532,198943,202755,128458
3/21/2022,Operations,272282,408679,167068,50211,138067,124059,120022,110544,56825,-30457,248326,161089,13013,68,63,-84494,1244053,1956666,2670642,1540809,0.17,2.66,15.98,-15.72,15.65,-4.87,32.21,28.68,30.79,448844,7.04,177525,139796,288,70390,782004,42131
10/6/2015,HR,200066,505550,51585,145342,60591,113586,22503,53541,213965,87530,812065,13942,103912,118,111,49963,2143158,875899,2749361,1185268,0.14,3.37,-3.82,36.85,15.26,18.75,54.02,37.52,26.95,327605,9.61,91514,298278,2311,118306,436265,270762
4/15/2017,Operations,200581,112507,79909,188223,130142,136565,26750,108876,194257,14467,142072,126770,170552,74,101,132675,3199161,3314665,877751,647054,1.45,3.27,-26.29,-4.39,19.83,18.48,71.57,48.04,32.27,163392,8.55,199597,81377,3550,85812,804069,78325
3/6/2019,Operations,251404,270551,72833,191526,68670,149863,50122,282000,20340,-13790,785344,159901,32702,55,17,212924,2799343,2269236,1305049,1497560,1.59,2.87,21.73,47.44,-3.63,3.83,76.31,30.41,37.78,402323,5.37,161757,278343,175,32717,267479,191503
11/18/2017,Finance,376506,282597,42296,68216,83306,66273,81674,107475,41925,-35257,604194,29577,51207,105,19,75532,4724943,713633,2614086,838916,1.02,3.4,-23.82,35.69,2.88,10.19,33.88,27.72,8.67,427168,1.42,79998,154576,4828,187574,942264,240921
8/20/2024,Finance,435282,232322,128263,287573,43570,132092,138446,141184,153158,-20545,62248,85210,113788,30,47,132974,3353666,383732,2747016,1574971,1.37,1.37,-11.33,49.96,-6.45,2.46,70.45,36.53,31.73,461500,4.72,87705,249241,1590,80804,606034,263421
12/8/2022,Finance,356606,508963,141061,87883,131153,107546,133958,395627,224674,81297,687178,136954,70975,17,68,93963,4726116,1515826,1868612,304845,1.35,3.35,-15.71,18.15,22.57,15.93,38.84,6.69,12.31,96634,9.6,142268,183997,3888,151542,184688,465567
8/26/2018,Sales,312001,516499,100471,164607,113989,146692,5470,157868,278117,25030,202760,69118,179336,36,46,-48781,298260,1795469,1027286,1276369,2.16,2.91,28.66,8.4,-1.03,19.42,62.03,14.85,7.81,378165,1.31,145216,213979,1812,69860,348119,344373
11/4/2015,IT,110774,462509,199851,271517,38734,12594,106642,253242,138069,9779,966740,159606,117211,92,36,6734,4991563,3736540,937357,965385,0.15,2.71,-7.25,-9.91,20.13,-0.58,21.02,11.86,15.91,324467,6.64,58974,293832,4153,65298,325874,67138
7/5/2021,IT,66846,216161,81615,259157,122866,86885,-14878,160248,117794,-35589,604119,109239,164092,65,91,238469,2139246,545742,90210,1473409,2.27,3.09,-24.14,21.34,21.58,12.73,34.49,49.7,18.3,272222,6.06,191981,51341,841,108413,142252,245509
4/8/2018,IT,293209,318642,162707,188851,90078,140454,5570,200129,231322,-4099,418719,77067,150609,16,90,149921,4994122,1615817,2600946,1807312,0.26,3.29,-8.62,17.17,19.93,18.16,12.17,29.29,8.14,30239,3.35,198628,120418,2138,90772,335852,178561
5/21/2018,IT,417400,491209,56167,144896,90599,83077,99642,95039,21711,14283,720527,6392,74631,55,62,-41264,2413521,303524,713922,261713,2.33,1.56,-17.15,21.75,-4.83,17.09,20.34,22.78,8.68,323119,2.55,135308,80951,1561,180057,792160,34924
7/3/2019,Marketing,402390,218914,114771,284546,84957,172645,27800,282040,177694,-14529,773845,174705,128694,74,45,77383,1578534,974492,375136,155696,0.19,0.81,-16.58,-14.76,6.06,9.93,71.71,10.93,30.37,134962,2.21,26572,269009,158,109007,363791,235600
8/11/2024,Operations,372612,270254,139636,235148,68620,116172,-2021,314483,91830,66414,452596,158171,86635,32,48,213853,1053983,1057856,1738437,569099,1.3,1.65,-29.06,14.09,-2.9,2.37,54.08,18.71,19.91,394415,5.89,121514,208369,3005,72764,761778,344604
5/7/2022,IT,186883,338046,147216,45059,147975,152262,73415,106234,281800,99373,682797,107705,198525,84,85,265760,4496068,3608072,1034620,995891,0.35,1.97,-13.67,-5.42,-0.87,3.4,27.82,38.47,15.56,232267,4.14,77844,147147,639,139866,204165,322360
12/16/2019,Marketing,282751,183640,190603,86818,62656,58221,104735,298097,286482,68841,122954,77939,70736,62,23,-13758,2392834,3572604,1214638,1837839,1.39,2.33,-7.17,30.56,-2.17,7.69,47.01,11.92,8.85,167365,5.14,62745,199192,2208,184498,843031,271150
3/7/2019,Sales,52599,165449,125914,75958,21341,54997,135647,292100,208246,13425,462707,87396,91457,67,47,35786,4984976,1741463,1917733,500351,2.43,0.69,3.49,3.37,5.8,1.09,26.05,44.22,25.75,323811,9.98,68785,14082,3389,171394,209247,245096
10/18/2024,Operations,148123,329502,63584,175785,101353,165310,75864,318317,51390,11204,918287,62779,89249,105,62,223538,4383468,3168662,2110800,422156,1.58,2.58,-16.85,4.86,-4.15,12.5,62.92,19.84,11.18,47213,7.91,106421,199341,4557,46478,282442,447385
12/23/2017,Finance,65060,454347,196559,97287,110325,140640,-2584,110587,92308,-22030,448399,49276,33909,41,108,117107,745765,790125,1276123,288500,2.34,0.69,13.01,-4.36,-9.27,3.87,79.44,30.35,10.86,293201,3.43,171259,246832,1215,108450,915086,449556
5/26/2023,Sales,324107,379354,65039,285096,36291,81571,130016,154901,44359,90461,470600,176313,158385,104,103,73033,2278418,2738124,1179842,1915981,1.11,1.21,-19.86,40.66,20.08,10.34,37.21,47.48,36.51,384077,6.09,69494,133462,3297,146685,841483,439103
2/8/2023,Sales,132024,275708,92772,29025,128713,37403,-15717,135237,230298,45327,423987,24498,45042,49,101,147132,1623722,1801724,760412,1350785,0.98,2.56,22.03,22.27,8.68,5.12,60.32,22.17,26.38,294554,2.49,120376,70224,1935,142169,917741,26044
12/15/2016,Operations,125924,460891,104263,274569,34326,59836,-2464,282810,128318,-1963,465250,64406,79865,105,14,18963,4027099,3664563,2819546,675607,2.32,0.99,18.9,-3.58,8.0,10.1,51.59,28.16,12.78,455856,2.73,72809,279420,3940,71508,120160,351166
3/15/2024,Marketing,295918,256428,125208,201521,47016,96309,131692,144993,177174,-12835,808686,158432,24934,118,113,17961,1659637,747972,79083,1168244,2.78,3.18,22.7,44.07,-7.97,-2.52,10.21,42.45,21.99,372714,7.99,92673,139761,4947,29040,937570,140912
6/20/2024,Sales,303555,465349,35137,63961,100072,176270,96923,252923,199336,-27794,779785,33551,168439,50,36,-7212,3564556,3855122,1866709,1679697,0.27,2.56,-15.76,31.5,15.9,9.17,20.4,32.35,26.93,13928,5.97,16070,62226,344,139358,752329,39786
8/19/2017,Operations,472696,232344,178928,111635,118673,77652,5745,304552,100790,74087,801185,13389,50186,109,15,-26015,2428007,1115432,1902379,1479927,2.37,1.46,-29.43,-14.88,-0.72,8.06,75.67,37.92,11.73,444789,8.19,59524,166659,4888,29075,393508,119187
2/22/2019,Operations,358646,282992,74659,117001,111531,26619,46000,99711,97727,-23139,656491,6584,153976,67,45,-50037,1341687,801549,181442,88839,2.14,1.52,8.43,26.53,-4.39,3.75,62.42,42.42,24.2,153299,3.74,24651,94038,4072,189333,750504,54430
8/24/2019,Marketing,376369,181088,168481,39985,144463,57067,93019,248948,30599,-23191,598460,85593,76955,116,64,-21040,1226968,2362087,1301769,1102863,1.25,1.3,3.65,27.83,5.53,1.81,22.85,19.57,26.67,252659,4.0,100850,110253,3818,162379,328931,255184
12/17/2016,Sales,138312,159023,115185,153145,141736,40669,-19134,313092,290944,30433,465192,98170,121730,78,79,253596,1048083,2721869,2480285,1575240,2.54,0.73,20.14,35.26,10.62,2.23,29.94,46.45,24.3,16181,7.02,46235,42986,2680,184796,326258,346222
6/20/2019,Sales,361774,77329,85788,209709,38039,5282,146842,75120,97977,28784,930063,190550,90417,26,74,211728,3055081,943491,111777,726965,2.5,0.76,-27.49,11.67,13.3,18.23,44.74,13.54,14.72,467851,7.88,63502,53984,3755,40056,10064,186460
6/20/2021,Operations,184758,517315,153008,237913,24966,165916,122913,158339,192636,57901,33602,168164,138578,28,65,236963,2485690,1585352,412983,672637,0.33,2.71,-28.28,4.86,-8.12,4.48,14.2,46.21,7.05,340631,4.95,168948,231402,2207,87527,836297,236957
10/16/2020,Finance,493572,488112,169784,240856,71398,146452,41666,238285,64700,6472,314698,21602,31330,93,79,-74617,698286,1267132,1269169,1285607,2.34,3.24,-18.34,30.27,14.75,-1.03,47.61,30.44,8.76,234798,5.26,19429,262736,1039,84608,772479,177152
6/19/2020,Sales,382035,427938,50357,232002,132289,195940,87010,94670,129063,-21575,995863,114682,12057,65,31,72839,2818339,3215943,2218153,1537250,1.3,1.35,12.16,24.09,19.03,19.96,55.04,29.65,23.39,188695,2.81,96691,63151,1971,143879,34721,134932
5/1/2024,Sales,110411,181550,140686,98878,86826,19001,-13834,64999,231462,62376,359884,152724,16062,85,40,109315,3994128,3957297,922097,1234111,1.36,0.87,13.9,32.25,21.01,15.78,34.13,5.31,18.7,19729,1.85,141208,120170,4816,124306,582611,227880
9/1/2021,Marketing,278444,289973,50111,288494,37078,121148,65663,72373,95122,-41094,363346,69595,130145,86,28,-29157,2632087,3221492,2868106,410019,2.57,1.21,-1.26,31.0,9.02,-2.43,22.64,30.73,28.22,303992,4.54,20451,251614,37,51714,534775,397356
6/16/2021,Marketing,370796,511674,73360,181475,50729,52925,70646,364682,234342,-16907,126477,120779,73516,75,97,169271,2467801,3366352,1391281,322390,2.66,1.25,-5.91,40.6,-4.66,-3.82,19.24,35.45,26.7,453327,3.05,9107,257451,662,29109,483803,276177
6/3/2024,Marketing,77576,283837,32838,28793,71130,176860,57567,89011,228969,-30195,613130,34109,19620,37,26,150356,2292592,1103729,2980416,718848,2.27,1.4,23.84,-19.8,17.77,19.73,47.38,37.92,29.24,251255,4.0,149165,194049,2013,68614,497480,275265
7/25/2018,IT,62560,248257,160626,249109,132362,44255,63298,40973,246014,-11459,146106,179029,54227,88,101,22715,3057778,1050171,2753026,733673,0.51,2.72,3.02,-12.28,-2.06,7.49,28.55,31.59,5.28,487279,7.87,191579,88714,494,53537,401619,224702
2/1/2019,Marketing,76492,354820,142939,236080,84079,125371,142573,110172,251445,-10325,272782,11354,164331,59,25,-85704,3536934,3424222,1726075,929440,2.95,1.28,-24.49,41.08,14.99,8.63,44.3,39.56,8.98,380328,8.22,53633,133329,412,130927,900405,460550
8/28/2022,Finance,113795,445582,23517,55365,6437,66281,6878,263272,61601,7898,327405,105931,93811,111,96,260804,4521258,1683098,2834417,615984,0.81,1.76,-29.27,18.13,12.0,11.64,19.65,48.83,27.86,412007,8.2,186233,132424,2414,111850,704922,359030
12/27/2016,Sales,134381,352984,195024,106114,136426,53299,149208,352897,100327,76864,300351,149782,100350,81,115,81003,4504480,2344325,2255465,808084,2.57,2.33,-3.73,15.91,21.98,-4.14,14.63,33.64,20.05,498249,8.12,70935,291323,158,162912,663676,318063
4/19/2018,IT,320792,334862,40527,49412,130313,129632,135741,70711,132628,98552,497664,91450,168106,48,10,46723,1308473,3153351,884749,1159467,2.87,1.59,24.68,48.27,3.8,19.11,21.14,10.77,6.33,128697,9.01,10637,227640,3793,134043,296202,67008
7/19/2015,Finance,136725,76385,134539,176188,13778,167853,117894,55618,274200,84351,224897,168695,105260,69,79,-75879,1290722,2400491,257935,222991,2.41,3.32,-5.51,28.3,-2.02,-2.38,74.52,32.25,29.12,47676,1.32,31068,198159,920,145761,206165,252869
8/10/2024,Marketing,269595,240498,129167,258395,126027,199654,5115,389132,293851,-47861,23063,155464,39228,113,100,203428,3617246,2547319,798093,1580489,1.67,1.28,2.05,45.93,21.9,11.32,13.66,26.17,13.32,113222,3.65,68812,97486,3824,78361,570909,269224
6/16/2021,HR,137148,413124,140187,148576,122508,19833,107366,164309,35419,14136,149121,24307,42157,81,20,280166,4454893,721673,2621723,110908,1.64,2.79,23.58,15.32,15.99,15.59,72.42,41.03,19.96,387490,7.42,77404,82275,3291,90956,227496,86717
11/21/2016,HR,343929,382404,47122,228321,62733,9215,103347,83046,117024,-27413,165042,157024,18283,88,33,97329,3992121,3879834,1145908,64433,2.8,2.93,-0.88,38.42,9.18,16.42,79.83,26.06,22.02,441904,2.26,156280,206287,4606,171711,830007,223583
2/24/2015,HR,268057,213143,110905,263340,19815,72325,7788,183105,194554,97628,151601,107851,138852,101,71,169423,3088168,3241125,2639583,1827666,2.62,3.44,19.53,31.33,5.35,-2.22,15.17,22.15,21.08,72817,4.73,76246,10733,4471,24622,839354,310672
10/31/2016,Operations,439933,201686,33405,99753,108989,181237,3986,170624,242438,25217,828632,17549,64722,89,62,276602,671099,3033944,672185,1910818,1.82,0.53,3.06,-11.64,19.89,10.77,54.67,14.05,29.6,272104,4.97,15914,189911,3533,108357,21913,438286
11/21/2015,Operations,265642,115078,90944,139695,55322,119655,73284,179195,154649,44294,79423,177568,81271,34,64,149575,278822,2353505,241237,1081793,1.81,2.59,-9.25,-19.34,12.23,16.17,15.06,23.57,28.61,93901,8.16,96482,294323,1647,144843,25784,74447
2/24/2015,Marketing,276554,526700,47718,40289,59606,59455,73151,294080,220533,92627,451003,21402,91967,105,112,-31540,1353362,3254753,2518227,1386043,0.7,2.72,-21.79,14.9,10.72,4.34,22.25,22.55,11.68,239132,5.89,44698,122668,3889,87003,122986,369577
5/22/2020,Finance,318875,122328,122829,61128,11168,137388,88643,44266,33341,-37229,886159,167627,185699,73,19,271712,3687861,3808088,276635,936579,2.25,1.06,13.61,42.09,12.43,6.76,11.99,27.85,33.4,79610,1.6,158408,296485,1691,196564,986076,440806
4/12/2020,IT,92379,260211,153090,126490,54889,32048,69787,221844,100070,68445,503014,95098,9461,82,20,119644,4561443,167693,1478391,188920,2.48,0.62,-26.5,-16.85,22.96,-3.06,10.71,21.04,37.14,493931,6.38,167654,25241,2883,147056,385695,221165
10/28/2020,Finance,361116,369817,122577,209907,50520,64858,129597,77298,234201,-25114,327669,139036,52153,95,46,178819,3732402,248647,185912,1213110,1.94,0.94,28.39,18.68,-2.85,11.21,16.22,15.38,6.08,335751,2.7,111850,210136,2158,170985,874906,237069
8/17/2021,Finance,340520,376290,192625,282727,78081,148783,146135,393246,112819,96168,638271,95476,22732,39,32,60924,2849270,2504669,1441575,399898,1.04,3.18,-22.87,27.94,19.65,19.87,69.5,25.29,5.29,187075,3.31,104255,209121,4840,43917,177097,193302
3/21/2020,Operations,315198,521006,98983,192741,131894,152463,107550,226029,100012,30578,371674,112523,194792,65,28,-92565,1770883,746289,2401126,720112,2.61,1.28,25.86,-16.06,21.84,0.15,69.42,8.44,33.23,289498,2.17,96350,213329,2206,165620,696302,436228
7/11/2022,Finance,311752,205769,65241,159230,49409,94131,127002,301692,219197,74991,74779,7462,199590,58,26,84198,386117,3196293,1348285,1126016,1.38,2.5,19.79,0.02,21.06,-2.92,14.35,44.46,38.9,31611,4.18,15419,136870,2326,42102,170845,267601
12/15/2023,Sales,409324,460017,80944,216987,94001,86395,146520,282100,284564,96746,587113,171460,122836,111,34,14711,1317579,188104,345041,1193978,0.83,1.36,3.02,-5.94,0.4,10.52,22.28,20.12,9.77,423043,4.23,33472,83465,1713,143059,789211,236597
8/4/2018,Finance,250095,361671,114113,277247,48227,94758,142396,373059,75893,67690,94146,36439,80683,106,48,206854,2411595,655429,2247494,1146017,1.33,3.21,-6.67,5.81,0.6,-0.69,37.68,45.08,33.68,60098,3.25,145907,82812,4563,81234,116720,33555
4/27/2017,Marketing,123023,70325,48073,196730,14917,158304,2295,352810,82579,-7574,743803,77619,182239,94,27,-44114,4605837,2244622,832281,1974966,0.83,1.26,-0.84,-4.74,3.51,6.87,24.17,16.23,15.33,316432,6.4,157994,143822,2820,73041,704880,283195
4/22/2015,IT,359897,117545,38017,232766,77583,166630,53864,305343,152140,39945,70063,181079,157694,57,10,171921,1729093,2921392,2961991,1073955,2.95,3.2,15.63,39.49,21.75,2.82,65.98,26.57,36.97,20085,2.43,109638,176512,4755,138118,136018,259691
1/3/2015,Sales,63584,186551,37137,212181,26626,190389,134082,215151,198056,77562,932744,45837,105511,80,76,116946,824979,272282,160825,533922,1.49,2.42,27.58,43.91,8.27,-4.36,57.26,21.8,32.55,119233,9.23,86319,260793,2477,116434,620368,356011
9/8/2016,HR,95427,184734,32179,118764,41015,86966,58067,82682,181177,37592,693710,87980,54264,72,68,881,3887467,3158930,2857685,1079324,1.63,2.87,13.93,22.69,7.95,-1.65,66.85,9.48,26.14,128721,8.04,150645,137008,4710,193460,535519,426784
2/9/2018,HR,413739,496509,56858,164600,39981,21040,117291,146957,284247,54641,641711,58187,73656,31,22,7505,2704115,2464235,1775245,55737,2.29,1.69,25.07,-6.86,-1.79,-3.83,70.36,45.09,9.66,374253,1.18,18037,190591,3430,80427,213186,307390
8/17/2022,Operations,191682,143895,119600,93503,76579,94599,79857,259955,187404,-42348,618509,76338,124240,55,118,96225,1294246,55534,470593,749373,2.91,1.37,-21.09,13.94,11.16,2.22,77.65,23.2,35.58,467355,2.75,47839,88530,4081,44845,541641,368045
8/17/2022,Marketing,156398,349595,126451,203109,69387,153348,-9208,288074,104373,70490,815251,39383,49716,10,108,-19693,1482948,2918747,286944,421407,0.71,3.14,-14.47,49.75,5.98,14.0,56.36,44.83,8.36,191691,6.63,185859,140241,2304,129464,627122,266592
10/25/2023,IT,332408,363478,177273,137440,15322,63445,16248,67536,134516,50750,837235,73064,95780,105,85,154664,4759542,3305834,1342562,1894370,0.82,1.97,24.53,12.89,-4.21,4.56,61.27,13.34,12.17,493708,3.51,10735,243980,4440,194416,582363,41121
10/28/2021,HR,361746,389018,122101,36693,124839,145253,54452,300563,244373,53657,953080,107381,72918,62,74,199104,4139212,3372742,941099,958875,2.16,2.52,-21.8,39.46,23.81,16.06,17.12,35.92,22.97,278294,6.02,147979,75667,1826,133025,946596,19085
5/18/2015,Marketing,336771,237069,170668,289576,115881,144814,35114,178247,261091,41989,949129,26940,112988,106,80,39790,4439285,3333224,164007,1438696,0.23,0.85,-12.46,30.87,16.73,8.48,33.71,32.99,20.18,313675,4.12,91628,116242,2481,162781,680390,147414
1/18/2019,Sales,156093,174995,175627,14637,84728,41271,47100,250209,117466,66967,875397,69683,54903,75,109,-91740,2799022,3901070,2448660,144537,2.69,2.11,9.88,29.12,23.25,14.97,57.32,37.2,29.75,25975,4.43,92736,297917,2585,104671,459757,430383
9/27/2021,IT,419444,100940,84219,200629,144389,128150,38600,264274,179685,4499,979242,43544,17180,51,116,246537,105758,1224369,714183,740653,1.14,0.55,29.12,34.28,1.17,14.34,54.94,45.44,8.21,416139,7.92,146138,126147,979,193433,286562,388821
7/14/2023,HR,226111,428073,181037,261222,51525,32661,136201,34615,288609,4498,813958,134947,102138,10,38,272814,1222168,2367687,2684104,906722,2.64,0.85,6.65,2.53,-6.34,5.92,25.67,6.89,14.65,228667,8.1,81786,293102,3124,142634,758530,276664
4/27/2024,Marketing,157968,439251,107686,87460,64559,96463,100098,283808,68988,-6469,982747,176226,86970,71,36,13401,195473,3867135,1483978,1730305,1.54,2.22,1.86,41.77,-5.42,4.16,24.94,8.5,13.37,389964,4.5,112661,156445,716,168686,973352,135560
8/1/2015,Sales,388707,393954,198082,142822,31734,20279,34379,328856,219863,53948,954977,141619,88024,34,101,230661,3159051,3132497,2617377,989768,2.47,0.84,15.93,46.93,17.48,11.37,61.6,47.94,17.73,80550,1.5,126095,261055,4490,77048,14203,150477
8/14/2019,Marketing,303900,418783,26725,198612,128684,109067,35321,181390,58232,-10424,864530,71191,37757,91,66,223818,3514475,3577834,2309489,1666368,2.27,3.21,6.28,30.84,-9.38,17.22,61.91,33.23,23.28,442817,9.05,98304,13407,1890,134841,160696,374112
9/10/2024,Marketing,436447,541871,33241,203652,65473,63144,33773,388840,112538,77255,603517,167383,72867,58,117,82289,3185276,1634275,1035745,283784,0.87,3.3,10.55,39.78,23.66,13.61,62.99,28.24,34.67,255757,4.9,87689,73164,3567,139492,18354,244792
8/24/2023,IT,401283,255405,102758,132055,38658,103861,-3881,246836,43542,-1847,86935,121018,80666,27,62,14703,3405585,1005283,1966958,1413346,2.04,2.1,20.43,-19.42,-4.93,0.78,35.75,29.74,18.35,179875,6.73,131759,118083,1166,39344,601843,36944
8/15/2019,Sales,235467,501715,34951,59245,59490,6902,63649,350587,54169,-21660,337760,90069,41931,59,78,156440,4514400,1789228,277505,918892,1.81,2.94,29.17,-2.34,-3.85,15.92,40.8,22.84,26.1,384533,9.95,100240,232011,329,149171,932535,225709
5/13/2023,IT,380237,284198,192108,238469,62795,115759,65948,251402,105487,-18187,149209,58038,62480,20,100,110858,3290653,1238764,2557599,1883048,1.76,2.56,22.0,45.6,-9.63,-3.5,77.8,36.69,30.91,347772,9.87,57946,168228,2311,174084,673381,41032
4/26/2022,Operations,245992,112354,164960,85960,8196,88075,9689,185245,299035,96333,13064,52536,168825,86,62,262949,4151656,1604195,1848396,1849524,2.48,0.64,4.59,25.51,-0.89,0.04,10.19,43.47,24.4,161231,6.33,30019,176588,2731,118463,992082,19574
9/30/2020,IT,195426,449519,52637,104302,40364,98493,52281,169630,50024,-14019,60168,188376,160268,64,24,130389,4175811,1540230,738081,1876255,1.0,1.21,-13.6,-5.72,-2.91,0.74,74.29,40.67,35.09,171946,7.46,108708,193717,444,193983,171925,290446
10/26/2024,Operations,62718,247394,82888,177325,64588,86581,47358,203532,29539,-24456,150200,139626,181885,111,11,219372,225062,2605457,403797,255332,0.26,1.64,28.25,47.31,-5.28,12.24,31.31,34.37,11.33,250725,3.82,62786,38212,2462,64360,868645,146015
4/4/2017,Marketing,451109,477233,112095,270455,129732,35885,110122,118814,102661,-43094,545274,137038,96168,69,87,124716,2362567,3966734,631421,254658,2.53,1.2,-8.74,21.09,2.93,-4.24,44.12,47.63,28.87,95993,3.12,139725,168593,3796,69945,271385,258525
12/25/2024,Operations,409797,360086,139187,234391,133423,167559,111483,320842,75050,84570,295276,78335,110835,118,13,266337,2406920,3061683,2761413,1967478,0.64,1.48,-9.5,-4.25,1.99,-4.13,78.05,10.78,31.72,37636,2.51,142214,230244,2829,107860,76125,115023
12/21/2024,IT,435864,409980,112675,97983,128407,98435,21031,337794,121099,64445,17029,29796,110511,102,99,11254,1899417,415478,350407,1130799,0.34,1.04,7.79,25.19,24.28,2.97,19.67,11.34,27.31,432470,2.76,175636,271582,3112,94678,126458,216268
6/7/2015,Sales,408866,140636,142097,207952,9380,173451,116804,239706,276294,47514,932411,86827,18614,110,34,272319,4559456,648780,829865,1020723,2.02,1.2,-25.08,15.97,13.5,3.29,48.73,42.68,26.91,145068,3.61,108839,286637,627,196740,748136,276797
2/26/2016,HR,275810,373058,170238,74307,59030,28247,100979,283433,276653,-40429,506516,26142,97054,69,76,-99051,1116539,901353,2533466,778501,2.22,2.61,9.92,25.71,8.17,17.03,18.42,5.87,28.0,111483,9.85,167830,96075,2800,79704,30088,416599
6/16/2019,Operations,76118,304129,125882,148076,35986,166539,22086,265057,99521,56934,759145,68868,63608,42,91,8064,109839,1729071,2551848,233014,2.21,1.07,9.81,5.98,4.8,0.12,41.79,8.2,9.41,461363,4.68,120977,114612,4565,169225,773490,231597
5/6/2017,Finance,134485,449249,185211,168626,46060,187462,37789,205787,248485,24979,903389,7381,134165,67,103,230640,980224,815707,1280131,338032,1.83,2.18,21.91,22.17,19.46,0.39,55.04,21.05,29.77,375489,5.7,6844,28900,64,72314,681867,173948
10/10/2015,IT,485998,167199,106585,298996,140344,149065,61141,200104,227792,-38877,719334,118709,84325,23,45,281570,3351498,2079117,384385,930648,2.94,2.14,-5.49,47.3,9.02,-3.39,55.55,10.2,15.34,323925,9.55,46831,208455,3374,135057,592328,299649
7/15/2022,Finance,377842,429278,175513,88369,95544,81436,115951,144361,186695,5299,332423,84071,88114,48,48,222160,1348304,208533,172228,1069853,0.52,0.56,9.64,34.04,3.34,11.93,29.78,6.21,28.12,107976,4.46,178692,29935,3815,28456,243903,29130
5/16/2022,HR,302761,131435,142740,264112,105760,97900,114698,180196,260155,44612,236079,117279,71095,36,93,-85213,842201,961073,570529,608068,1.39,2.69,-24.15,38.59,-5.89,16.07,58.32,41.88,23.95,27490,6.49,174310,185775,1377,145465,824423,143945
4/11/2024,Finance,304906,258000,36643,292586,31433,122464,20173,261906,217080,85375,579304,42104,119098,20,100,264460,912341,303865,1360301,1292211,2.32,0.9,9.29,-8.21,12.24,10.89,48.88,19.05,13.97,465634,7.96,6760,183849,4773,112522,696631,54901
12/3/2021,Operations,183268,527589,151270,203487,122960,55871,21817,130192,135828,-19467,13537,115008,88335,57,58,145855,715583,1769325,1064024,1566106,2.29,1.3,4.48,29.56,18.63,12.58,50.3,10.03,9.39,360978,6.81,107791,119636,2262,120930,852821,201948
11/1/2024,Finance,81868,416379,57648,200036,80564,42091,131540,278690,111042,55672,435241,65152,36801,13,50,14846,4400773,2148783,984563,581383,0.75,1.94,17.1,43.98,7.23,5.59,40.74,15.43,7.68,58778,1.93,107019,214609,4375,173001,398561,99250
5/11/2017,Marketing,116162,344177,100412,129871,28600,54156,139764,35832,75237,46687,312553,143852,124238,78,75,67967,2516254,3003008,523232,227445,1.6,1.48,6.84,32.89,5.9,-3.28,72.37,33.97,17.61,120531,1.73,36076,130585,4407,115028,538773,457900
12/24/2019,Sales,394141,491685,80908,145540,96101,93593,113710,290914,88568,46767,858542,43831,168002,56,93,16494,586897,3332857,1155009,1440834,2.28,2.81,-14.45,21.2,-3.09,16.62,25.38,18.69,11.21,299015,4.66,50081,58599,2026,105342,968618,46779
11/4/2020,HR,82086,512307,102053,119895,114232,119356,10579,138435,48639,23708,204930,111078,170013,68,91,253019,4081645,2244897,492439,1806729,0.38,1.77,-0.81,43.91,2.76,12.95,23.53,40.74,26.83,23131,8.72,87374,44414,3016,131594,215963,201087
11/13/2022,HR,345461,479086,86011,260649,138634,33049,105411,293242,100429,39950,183408,199515,21490,66,26,239565,4103924,2224676,2681736,1259777,3.0,1.98,-16.95,39.12,-8.19,-0.16,54.96,6.28,22.36,11077,3.5,60289,159285,3597,135806,865738,55746
1/20/2021,HR,379758,330109,114569,99379,119296,40467,-13342,250894,53726,-8555,410474,42816,131069,109,74,99802,3491054,2548815,1977237,26471,2.94,3.16,-24.39,44.29,3.5,16.94,40.07,10.52,31.11,155714,3.16,148634,215720,2403,175394,121501,413889
8/19/2015,IT,342310,160913,192999,84643,89002,150990,42544,134226,164280,98516,594036,105415,106121,87,76,271955,106058,1330380,1355670,925333,0.5,1.89,-1.57,28.23,-4.39,3.02,19.04,5.29,35.77,86887,6.98,43193,114898,2672,95530,68744,473376
4/19/2021,IT,271011,144292,74421,94540,26475,131786,72696,109797,82015,48300,594587,9762,110068,23,25,33421,3784877,3332132,1430912,169716,1.15,1.62,-29.4,22.54,14.99,2.65,35.25,12.79,15.83,465724,8.13,25795,13678,3995,88680,219899,281930
1/31/2018,HR,353681,421202,24446,60707,55607,106151,7899,223532,131963,-34837,496439,170407,60563,53,100,140845,3635574,104678,366529,1273182,2.57,2.76,22.39,7.27,6.42,3.53,77.98,45.49,14.22,385318,5.56,160024,199958,3779,166947,284102,67622
7/22/2015,Operations,490701,68992,100548,92939,37607,96015,45942,232590,228915,14471,152435,86337,49484,26,20,85644,2428648,3339210,2235286,321603,2.14,3.13,26.59,-17.72,-7.26,16.98,57.8,16.11,17.67,16502,5.19,94138,255226,3234,65169,502182,459460
9/9/2021,Sales,321181,208137,157734,72431,87595,6759,82361,279078,221354,82903,363044,120255,113451,102,14,105065,4550821,1502974,1507171,1622467,1.92,2.6,-24.08,-6.3,-0.05,9.57,58.05,14.92,13.55,68309,5.1,106132,201303,2709,36872,373980,274457
1/2/2021,HR,309284,73061,26067,79948,22120,44560,130862,33495,115899,-37709,513644,170341,172027,93,88,284070,1139642,2585312,1903521,170906,2.52,3.47,-25.98,5.4,6.35,15.47,23.2,15.77,16.4,240544,6.25,39999,260783,1026,151082,827666,437393
11/4/2019,HR,333476,509503,113131,12466,65253,16526,-16100,84310,63872,59109,838909,98025,119880,20,84,74495,3975844,778847,2301714,333977,1.71,2.87,-3.4,-12.61,22.2,14.01,40.36,31.47,10.0,77523,3.81,129140,264019,3616,197025,423739,347239
9/29/2019,Marketing,459850,313621,113121,159724,36123,175749,56242,78780,277144,31083,433241,154429,125910,38,37,239185,4332303,743964,1496738,1454723,2.53,1.78,11.1,38.76,3.78,14.48,68.82,33.69,8.7,232193,7.93,78560,255219,4190,128113,491713,184154
8/9/2021,Finance,486044,264810,66332,191179,146075,153297,35516,237731,171389,-19403,552137,97279,168489,75,15,68825,407271,3223442,2795653,329702,2.13,1.63,28.2,-6.24,-3.79,13.53,35.06,46.03,23.98,163852,9.29,94496,89480,4530,80371,711083,82521
4/15/2015,Marketing,242079,513892,79303,34951,94547,58572,46583,192036,36901,51724,465986,140093,14418,54,85,237925,3375723,2033187,2968473,1688377,1.28,3.0,12.48,6.51,-4.2,13.08,31.08,32.21,15.47,272502,8.49,156385,138702,302,177110,42515,382435
4/29/2020,HR,239391,307317,79690,287248,44763,39800,145974,328972,148912,-28469,206551,128835,118235,44,38,56413,1734276,2227471,407238,1404460,0.49,1.6,1.69,-14.84,6.61,5.87,26.46,19.04,37.41,492327,8.64,132017,69678,1319,184678,184148,171045
5/24/2015,IT,490561,60416,74497,283814,143439,32460,69677,362350,143050,-46974,67088,195429,155886,75,68,110944,3151155,1289192,1138653,1556016,0.69,2.25,18.51,36.07,-6.71,0.14,77.5,30.9,13.97,228898,7.65,173395,83659,1587,134707,957147,143776
9/10/2021,IT,351249,213346,108002,89765,7952,131689,98848,47694,193342,1310,382257,177013,84341,45,19,-22239,1103436,3287623,101605,85392,1.05,1.2,-23.66,-11.86,16.61,5.34,61.93,21.24,21.42,122200,3.67,54218,23001,2496,55176,955147,152463
10/19/2016,Operations,146058,491192,59077,54344,136586,70577,129258,237028,296160,5289,59273,64556,150775,96,118,185799,1705186,1242684,1346424,462800,2.89,3.07,-8.0,-11.08,3.77,18.2,25.24,36.11,28.96,401737,9.45,84838,208545,4602,35514,72351,358564
1/10/2022,Marketing,475656,506370,156750,53248,94814,196975,87042,308168,104368,64789,534249,115840,115227,94,13,-20859,1348599,1295769,2714891,1034138,2.33,0.58,23.28,46.86,-9.19,-2.3,51.53,29.26,33.33,384897,7.23,192607,47337,436,116167,369847,319903
8/20/2023,Marketing,209908,398352,88472,110618,20964,80960,47385,55754,212717,808,258366,81932,72541,116,101,269822,2394255,244317,2585112,1290531,1.55,2.52,-5.96,10.4,23.91,-1.85,54.88,23.1,33.83,66395,1.67,29183,217281,2657,178321,619267,74252
11/26/2020,Operations,133084,160671,151615,55514,99647,8723,122246,202711,175503,-39371,690597,195583,190305,101,101,267377,2641438,2502121,405010,939956,0.37,2.01,29.98,12.63,22.47,10.93,13.67,20.81,23.01,101232,4.42,114963,135895,4574,76137,717618,25893
8/11/2016,Marketing,393336,72962,63351,228115,100015,77023,-5970,349088,161049,-3846,353681,6461,14655,52,28,285838,2344824,1634232,1498967,1143156,0.22,3.39,-6.35,23.67,5.34,11.47,18.91,32.25,13.61,489841,4.64,147408,218527,3485,171551,788962,139621
4/2/2023,Marketing,220832,384336,32525,280590,99788,81934,64056,376460,90436,65980,651677,184480,31645,108,82,-16351,3290211,1267260,2988596,1525067,2.64,2.82,0.76,42.27,5.22,5.55,25.23,43.73,22.23,347736,4.03,173877,60407,3745,130868,342221,193545
5/21/2016,HR,435649,507245,130254,266947,93482,160940,125200,367282,81838,71900,413212,122935,47670,101,47,172144,420304,3420161,1182147,802725,2.77,2.31,25.07,3.49,-3.8,18.88,66.37,14.38,27.54,68345,2.38,179468,172838,562,124951,53483,140987
4/26/2020,IT,253254,133916,185679,132279,111730,115081,108147,172881,233770,-23647,836612,175275,90055,24,78,168970,4671937,3007106,807186,491245,2.25,1.55,-27.72,11.05,20.13,-2.33,64.04,44.94,29.81,431438,1.63,136861,114712,1651,177770,510005,57806
10/1/2019,IT,58323,321106,155172,165567,31672,184414,133044,354489,168388,744,650767,110135,47841,80,111,28791,892990,3585153,2755716,364709,1.92,1.26,-4.18,32.74,-0.27,11.69,59.02,9.86,29.1,459855,6.28,127086,235838,2786,46794,258139,239072
7/9/2021,IT,408327,245625,81705,96126,37751,81101,42305,162400,163201,57059,818142,175495,26330,109,25,43478,4348587,1359275,2905354,1746858,1.75,1.75,-16.59,-1.29,21.14,18.87,79.74,21.39,29.88,414810,5.7,192209,172676,2990,119167,832183,153658
3/25/2024,Operations,89575,232569,147316,282051,129623,44775,44302,52438,179233,76973,218498,163185,182501,112,93,-40797,3857676,2018206,1576985,569801,0.66,0.74,-12.09,21.55,15.37,14.26,25.65,16.66,18.48,121164,1.93,180717,128477,23,114535,856229,412863
8/19/2021,Sales,395932,248835,167769,26832,75495,119765,-15352,52201,81559,33832,418416,63953,174195,12,41,189824,4471580,1764929,908203,1854868,2.18,2.64,11.08,1.13,2.79,17.95,76.1,48.94,5.36,360654,3.45,42182,53828,2147,180751,992390,39831
11/2/2022,Finance,91784,287758,114068,200516,86980,70265,120215,324512,21139,52584,972135,157305,182605,47,99,-78788,1099708,2849569,886475,1720407,0.68,2.58,-12.64,41.64,23.25,8.66,21.45,26.63,38.59,43396,9.16,182130,298492,3508,44832,197792,357294
9/30/2017,Sales,460582,204932,91890,11988,39496,38791,116636,154435,143814,46967,500432,90191,24409,103,45,48051,2465259,965631,444636,1256424,2.44,2.56,-15.17,-17.54,-5.46,-0.67,57.93,22.02,31.63,310860,5.23,193805,256452,1605,174674,757924,283783
3/14/2018,Sales,416130,547569,37753,272666,6188,43633,99102,159349,56936,83067,793717,114829,20285,111,26,210392,2818615,3363764,1765099,406724,1.53,0.56,-23.28,20.11,-8.34,-3.48,15.01,7.1,12.92,121881,9.23,194953,40056,3137,47781,449306,404908
10/4/2016,Sales,74709,498460,81563,116114,32795,166143,96540,48128,52334,-30391,839185,68005,41058,60,39,251159,2155275,2749918,2179356,795655,0.38,1.2,8.81,10.0,-9.21,16.47,13.62,43.59,30.48,487768,4.35,17127,62923,4826,142290,941422,48993
4/12/2021,Marketing,417072,436789,78254,154856,109757,191494,99475,156891,41805,73549,454081,15536,184253,32,68,-24465,2326589,635449,470124,1402375,0.75,2.36,-12.96,-10.7,-2.64,19.97,64.61,19.05,23.75,360767,7.37,19514,200130,206,192147,310874,225226
10/11/2024,Marketing,166515,501455,173147,183678,58794,194690,48848,219195,23550,-616,549676,137174,130404,20,56,22247,4136333,1173682,1162402,1989138,0.5,1.4,4.57,45.16,-2.96,2.62,47.39,21.38,32.36,184404,2.38,17943,92686,1191,146009,882708,379121
7/4/2016,Operations,56077,545037,145738,289089,92408,92989,31583,353561,224079,68028,779909,50069,126703,69,15,86230,4081990,89707,1404345,1023033,0.42,0.64,-19.07,-10.22,16.96,-3.51,23.43,40.88,16.24,384498,9.72,199023,73078,3037,79131,993296,222402
7/29/2017,IT,425884,287086,159947,106538,137508,87274,138704,291522,129768,19012,115917,191763,116140,35,61,-51207,2648201,230018,816914,1192136,0.37,1.98,-1.16,36.78,3.6,19.4,13.05,28.54,37.4,327377,8.98,117152,11698,3337,65356,648437,122982
4/20/2023,IT,335684,341096,187287,162922,11661,36598,-3380,136632,246070,96057,497350,31053,126982,75,26,187952,3618827,2203645,2111524,1181251,0.86,0.96,-27.68,-6.19,12.14,19.37,42.5,10.47,26.09,62385,6.6,128806,102736,532,151887,898494,34033
11/11/2023,Operations,142467,178387,33107,209669,105860,173785,61628,379216,115873,-48494,665737,29425,31204,43,37,-66258,3458296,1516591,199501,1403199,0.61,1.88,24.72,0.75,-4.76,9.48,58.24,8.17,29.64,78486,2.44,164153,81806,2048,98101,702588,311793
11/25/2022,Sales,332391,409716,134284,229365,98207,41231,114512,63173,81329,-32791,580978,22263,131168,89,103,202574,2574565,3806364,2598699,1537865,2.68,2.33,-11.65,26.42,-1.89,-1.41,79.18,16.7,12.25,243665,3.16,174949,134012,140,105247,408110,22591
5/5/2018,Marketing,202125,528414,89132,207847,112899,8751,-12389,179598,282816,43116,382322,33366,41617,106,95,155576,2060293,3820186,2975339,1768352,2.44,1.68,-27.06,14.76,7.25,2.04,64.97,42.61,20.29,248527,4.42,94697,59907,1770,105858,884861,96939
5/25/2021,IT,245287,540179,83670,243034,35892,70258,51049,34971,103428,55701,116324,183440,49551,67,54,163862,1990948,2291135,2325293,439396,1.01,2.03,-29.34,-15.39,-5.49,-0.46,65.87,16.59,7.36,51783,1.45,47404,258364,1090,167442,627141,391995
2/14/2016,Marketing,160643,494741,179309,269656,101891,54363,78189,31650,119728,59187,167120,46974,93315,55,30,-85133,4510952,393620,1869515,548727,0.46,1.78,-28.37,6.24,-3.34,2.78,39.38,42.79,19.75,452118,6.51,138805,148012,2063,129040,676537,160093
11/17/2015,Sales,155039,117065,32104,252617,126939,93208,145894,43834,118128,92880,982097,39088,19093,14,41,-77592,4365122,1303185,304387,410477,0.22,0.79,-8.94,-13.73,2.11,-3.08,21.25,16.81,22.69,192080,7.29,63768,37271,329,44923,839320,36221
5/23/2023,Sales,226462,319551,153455,222227,7143,68671,10022,365471,220294,97088,939247,77336,76742,17,39,-39760,4178061,754478,155133,1801275,0.48,2.98,26.7,6.01,17.54,11.21,36.87,24.54,8.01,180170,6.02,154249,105495,960,104495,909066,186383
11/23/2016,HR,292697,224395,67922,94718,70567,5765,133115,104259,259847,22189,356843,66243,170478,118,76,-83295,2783085,1254048,1523361,1462376,2.12,2.52,-14.94,14.47,24.66,15.26,63.52,49.52,31.01,124223,9.56,120134,45286,610,150504,57252,50369
7/25/2021,Operations,166755,123777,111146,175506,118564,85173,97683,116147,78324,72293,261456,123451,113390,13,100,131551,1888946,50603,923285,531118,1.22,2.44,-9.77,-9.89,19.0,19.09,72.04,8.24,6.64,444783,2.17,169638,217690,4381,189287,346137,255091
6/25/2017,Operations,379108,477848,188518,136315,109971,98237,115185,178522,105012,-2560,98420,56584,149990,109,28,82306,1603192,1145061,721932,1637817,0.58,0.93,13.16,-4.29,19.6,8.96,51.5,28.01,31.97,21530,9.16,73849,218087,915,66805,110205,321493
8/24/2016,Sales,129936,364745,182357,135521,99311,78128,87315,205041,148901,-2511,240309,37790,192593,118,57,239288,1928187,680796,1900649,1879726,2.55,3.39,-29.68,18.65,18.61,9.39,49.68,19.85,19.11,20502,2.35,35824,72761,3210,95587,214436,461203
6/24/2022,Marketing,414183,161107,40398,274133,120272,134360,2277,74263,86383,-5620,388773,165899,110327,58,99,3666,4581193,1750147,978649,1078808,2.55,2.96,21.06,39.41,13.27,13.44,38.72,34.22,11.66,219628,6.01,39459,179939,586,102047,124440,480117
8/3/2018,IT,490212,329689,116963,25963,76982,145208,29837,371970,112363,8621,658692,132036,168975,28,24,63595,2667034,504562,591147,218971,1.94,1.52,26.68,35.21,-5.29,-2.0,71.74,30.25,30.26,362660,1.68,178040,85084,2320,175945,826626,196132
8/25/2017,Operations,303410,320869,180127,249412,81844,8347,149076,263607,160821,-30651,272521,65686,118683,74,87,82940,3607560,3626898,845883,638843,1.95,2.99,21.35,-15.34,23.62,1.06,18.0,43.77,6.93,363632,5.37,132333,38697,2112,82095,240115,49592
3/27/2022,IT,355493,534862,55407,290409,66140,113862,60974,195961,51115,71572,728698,99062,37766,64,24,157437,1666846,1596091,381830,1390555,2.44,1.47,-21.3,17.77,22.47,6.0,26.27,5.93,35.28,33519,3.42,162791,40956,3045,90936,419714,322257
3/18/2016,IT,416651,367685,102167,133173,39037,167903,48589,286353,250239,-25250,729847,145945,33822,58,100,289442,133063,2712218,1480669,249495,0.61,2.3,-25.34,-1.12,10.23,-2.98,42.28,29.92,33.32,188084,7.55,114085,159143,4371,29194,578448,427473
5/22/2017,Sales,137135,188727,21290,252109,140911,154736,-8871,71399,212498,89296,146717,199927,175687,51,70,38242,1546242,3286066,2010326,1974338,1.63,2.14,-10.94,12.58,21.22,-3.85,58.68,31.94,16.98,393119,4.35,158806,56800,1605,179675,951051,153348
11/22/2018,IT,380735,311811,120256,221393,16415,13275,18191,123422,172136,76159,975850,76839,70265,101,42,28076,4115500,843365,1824088,1626752,1.68,3.13,-15.54,6.23,6.05,8.09,40.19,13.96,17.23,246332,4.3,145630,273462,3093,195495,36445,482367
7/2/2020,Marketing,96356,251059,163387,217899,13638,166239,92487,326004,59819,53294,169991,162577,52347,13,79,63305,1305263,1613061,2578561,205179,0.32,1.21,16.45,-3.5,-6.0,0.95,73.52,6.72,23.91,362034,1.5,181528,47263,1700,72737,479075,235905
3/17/2016,IT,316691,100699,63524,118175,57797,111623,142404,254876,168123,33441,885156,10691,134416,101,23,279386,1940295,3051881,519427,1920802,0.69,1.25,-12.2,-15.0,-7.11,9.91,74.28,38.72,26.67,86149,4.85,75353,170891,1876,160911,660888,32419
1/31/2021,Finance,401128,424198,107366,162444,110474,39084,-9486,51667,259778,-13111,252081,172404,71809,74,29,-46001,3128787,2417167,1123720,836225,2.7,0.7,-3.29,-10.66,19.3,8.28,36.75,46.49,21.0,480257,4.47,51771,24534,614,125121,126638,271415
2/1/2016,HR,109110,439888,24610,64797,143388,20334,12496,81554,268423,93440,605720,15502,180997,76,68,287436,2976883,3849981,2709370,634137,0.8,1.22,-22.58,40.29,3.14,1.11,62.86,37.26,9.76,202084,9.88,93224,265354,2165,129196,500784,35519
9/7/2017,Finance,364246,351988,52606,16180,23130,101107,71206,381275,38214,10725,405359,65888,160577,45,65,152257,693475,1811733,1062449,1867667,0.49,0.87,-10.29,-6.96,-2.59,-4.47,78.06,34.07,35.62,398522,1.44,168988,12405,1924,44885,908774,289847
4/28/2021,Sales,376599,89741,85399,145933,127475,175246,-19817,35464,183813,82056,487263,174763,198745,13,110,34020,2229322,302151,1568588,1317067,1.78,0.54,12.7,33.09,18.78,3.82,30.86,9.87,26.03,26808,2.63,91279,14696,1580,87622,529029,63107
12/28/2016,Sales,82479,466377,79315,100720,88315,191621,25589,206387,274086,53916,877528,84901,175529,27,96,-38131,254629,2491609,546943,1745147,1.38,1.59,1.26,-3.57,12.6,5.61,62.66,24.82,32.02,324194,6.45,65594,290460,2073,105180,524282,358844
1/19/2016,Finance,342120,304809,86694,190968,64426,75499,3031,269208,136141,-24935,940131,187333,46863,45,60,3304,2776937,293412,1661406,1808871,0.39,0.71,-26.7,5.53,13.24,14.91,23.6,23.35,34.14,376928,4.31,29429,43827,1447,69751,983000,96561
5/31/2019,Finance,305577,264310,136460,272694,140667,61123,-3040,63922,255330,7601,486250,24784,73090,57,12,279921,1999381,562479,1587721,1189033,0.75,0.68,-4.36,44.25,8.75,12.21,79.13,47.9,14.37,439529,2.22,174989,157392,1299,58447,46573,230634
2/14/2015,Finance,406488,140208,37781,288436,39533,110058,83744,322705,199119,7572,124238,28416,37995,18,118,-27551,4359215,1967230,2845234,1123829,0.72,3.48,-4.89,31.19,5.76,17.53,15.63,19.93,28.14,267907,5.55,93719,63438,4938,57299,378044,234934
12/28/2020,HR,184790,386391,71701,244575,93201,161451,64492,327319,25504,75394,695161,89533,16369,114,20,-57351,1584637,2510340,1797907,1127187,0.41,0.57,-10.3,21.57,24.04,-2.06,51.4,25.19,12.03,164058,9.31,166783,259202,2487,44373,58319,296223
7/17/2016,Finance,492074,527177,146102,278144,118568,73211,90144,327009,201288,-38516,776565,146679,179381,73,13,278558,1679364,2728564,414398,1702938,1.4,2.75,16.92,46.79,3.07,9.5,48.72,22.82,17.08,400419,7.04,160895,221212,1095,166659,939948,405876
5/27/2019,Sales,269705,396953,68881,16644,132267,181262,148299,54417,78307,938,789116,30478,172829,16,29,225700,3628202,3793008,1594454,1097444,2.39,0.99,26.94,31.29,2.24,14.63,39.68,36.16,33.2,18517,9.05,130870,172954,4664,94477,342115,113913
3/3/2022,Marketing,121743,189309,35699,82495,51542,110502,128927,53210,44540,-41895,122978,66425,113138,104,110,163964,4954557,3282776,416548,773258,2.93,3.08,6.17,21.74,12.35,15.94,42.09,36.45,13.22,474588,4.16,78756,78769,1243,172004,725773,60616
9/15/2015,IT,279347,289870,101327,184166,128565,131358,108643,253986,140553,-48337,148641,92500,116883,36,95,69966,4692138,1088501,2470061,165183,2.94,2.47,-13.51,8.42,-1.31,-4.86,49.76,42.64,29.52,358538,8.19,27175,107751,153,164512,808312,24759
3/13/2017,Sales,446045,465888,183094,193247,67009,97021,-12524,77583,233209,-37694,687170,114778,182305,111,63,129119,4832995,548594,2556020,952261,0.71,3.43,-4.58,36.72,24.22,11.02,59.94,8.85,34.43,370483,3.65,171143,41978,4811,62392,63094,428448
4/30/2016,Marketing,87166,524671,148210,78168,50708,131632,12157,110835,135185,81528,731064,25162,6182,53,59,-86840,2204286,2695278,710627,875580,0.15,3.23,-27.49,-15.29,13.86,2.13,36.59,21.3,11.47,279804,2.43,137205,127522,2485,36115,530380,312011
5/15/2015,Finance,337736,130004,58031,139898,80790,15595,85904,203202,282905,-2365,897215,75801,175257,90,57,64866,4898324,3410624,79200,275575,1.61,1.53,-18.06,31.6,12.02,9.99,33.61,44.37,38.83,230555,4.81,126403,16468,1801,98735,768327,400723
5/12/2018,Finance,249245,133500,101616,233132,107937,98315,34220,39609,291895,-24915,999378,190708,31015,63,25,-98542,2251828,1332304,943297,1902047,1.98,3.33,-0.64,26.14,6.13,15.72,16.33,6.2,33.64,404241,3.51,66257,254203,2277,79766,944107,42857
11/16/2023,Marketing,238000,390553,117522,20347,88928,175661,49180,394455,185542,35415,79958,187175,157402,52,109,90104,2622946,2267847,2957034,1721644,1.81,1.57,-29.17,-19.89,21.81,6.96,75.25,33.78,22.37,323621,9.86,124554,116899,4709,79894,909279,391699
2/17/2024,Marketing,346693,226572,153875,61536,31740,40008,67556,269327,73709,-6999,634525,45647,58024,116,69,-39199,4880766,453371,716893,1485577,0.85,3.42,16.47,17.58,14.49,-1.28,38.62,19.7,39.12,51707,8.23,160061,62484,2045,168428,999800,90913
11/11/2023,Marketing,141229,158879,174194,97660,13348,153117,133614,93472,111407,84558,949810,11836,175264,102,84,-6742,4690905,522396,2247942,274911,1.06,2.03,4.75,40.17,-9.69,6.51,23.35,5.7,20.06,453799,9.87,138291,61777,568,45367,507838,490656
12/25/2023,Operations,357710,175103,37132,61049,133314,121085,121498,108466,280977,-6697,394112,81932,171575,14,96,31187,2469219,3163634,910300,1337102,2.9,0.63,21.72,-1.24,-9.57,1.41,71.13,49.32,24.34,150141,6.46,88527,26264,2566,150980,816811,459661
2/19/2019,Finance,360537,212656,158926,176125,122170,104738,31807,96875,217454,-21661,387773,33195,120618,110,70,242585,4957523,2716511,872185,1232211,2.56,1.03,-23.64,40.79,-8.64,17.14,28.39,22.96,35.4,344583,1.19,163502,201048,4320,100303,198823,106442
6/12/2023,Sales,278802,197994,137205,286713,100876,26964,-3044,273529,174302,-45281,300908,118736,95268,50,44,-37572,4288841,3176792,138305,861156,0.82,1.59,-17.41,46.08,-3.05,6.53,41.36,45.32,20.48,70614,9.67,161008,172792,674,171533,258766,130878
8/5/2023,IT,60492,357252,190954,241414,131858,32387,-12240,389666,245586,48915,348138,70869,132173,39,73,189672,2854338,787784,1146384,1039354,1.66,3.03,-10.49,-7.14,-7.72,3.6,45.92,48.41,22.58,328407,7.67,88636,9926,2229,125581,934857,433417
4/28/2022,Operations,118035,86977,175131,91654,46302,117585,-9276,316471,198468,-17215,525078,44297,56555,107,76,239291,3596412,363942,2013930,1425976,1.18,2.78,-15.79,15.58,20.18,11.08,62.27,39.8,37.63,451425,4.06,142127,31987,3741,147893,632348,286063
8/30/2022,IT,111086,227277,96087,246438,30837,79927,103680,283570,127082,-2864,532047,7664,72169,23,105,4940,2553435,2511997,1699280,596230,1.58,1.74,-26.72,20.0,4.01,14.87,56.68,41.28,32.04,231990,1.54,153822,32772,2978,163254,919550,241553
8/28/2021,HR,170268,301390,60639,279984,41665,186028,144284,336176,224337,24726,208878,29321,67363,14,73,-53767,371042,2503488,1190721,1412485,1.83,3.31,-5.88,14.31,12.16,7.82,74.61,36.29,37.64,391048,3.77,14044,30208,3829,187458,13510,432314
4/25/2023,HR,357723,410113,152283,47188,69111,119083,11767,310701,137569,28519,601031,137863,56579,115,66,-58763,2985428,935911,1719533,564355,2.15,2.08,-8.79,-6.26,7.08,18.5,10.47,14.08,28.2,152121,4.77,130745,75228,342,156552,891886,206563
3/14/2018,HR,77183,518524,115644,13216,106827,89847,66536,396093,141378,82347,805405,73524,84953,13,76,130180,1452007,532750,939845,968456,2.62,1.03,24.99,19.74,23.8,13.85,19.32,40.27,39.51,392350,3.64,103227,285926,4116,118626,38891,194908
11/13/2018,Finance,286710,354890,77768,181919,39591,78288,-2192,127251,262773,-45462,536431,97694,110622,76,59,16281,513591,1336787,2177854,1582630,1.3,1.78,8.92,30.43,13.51,8.7,16.88,12.06,15.19,296253,7.71,116579,226121,2013,110380,235950,171701
3/10/2023,Sales,437011,254450,134493,288775,74507,16730,37629,242938,130357,30352,994622,135187,46096,43,37,238044,1067709,1023306,728359,1983296,1.95,1.32,24.42,22.96,-8.48,4.6,47.87,49.72,24.05,488056,3.51,41989,176677,1506,58748,548856,55724
2/5/2022,HR,265706,408367,41902,231728,44611,20413,149269,138793,144031,37384,380071,131003,136939,90,111,280460,2173008,2578802,812365,1404302,2.71,1.61,-5.35,-5.24,21.7,-2.31,71.98,35.77,20.82,345427,4.73,107159,154146,45,108585,132789,441176
5/15/2019,Finance,92639,304532,135783,177360,108918,196023,-13784,172863,292111,-22811,536845,5157,55889,87,32,120623,1141095,2037724,2764746,799960,0.36,2.18,4.55,24.9,-8.71,3.95,11.08,24.56,30.96,255013,8.87,77622,90489,4321,146594,673958,200891
4/29/2023,IT,493300,467622,167310,297133,76455,114704,99666,388063,185658,-25001,285901,176349,180993,95,20,-31992,4011198,2072231,1646031,1209160,1.1,1.44,-25.61,26.28,-7.33,5.77,45.83,47.17,38.73,109950,3.26,184844,170579,2516,157399,254872,343759
2/21/2019,HR,58989,101182,34409,284157,49668,35472,6142,40075,76775,-18600,764377,186702,99276,89,110,84080,1994569,3318437,2103368,1672919,1.49,0.52,12.79,29.22,22.95,-1.36,27.17,46.0,24.12,355094,6.47,198841,59481,1704,127551,344831,167874
1/19/2022,Operations,151827,233627,26243,95453,86238,179575,118984,383770,85934,426,83585,12945,59928,41,51,-55408,1868087,697318,1338470,761492,0.18,3.31,17.95,2.35,9.1,1.97,62.38,10.82,30.68,423556,1.89,150170,257470,3616,135465,941658,253744
7/20/2017,IT,126495,222150,44059,273961,25869,91670,91878,71103,151867,74027,861219,174967,195787,106,54,-53632,949703,1505413,2848616,1697016,2.89,2.2,-8.68,26.13,9.16,2.51,60.04,7.86,17.47,424917,8.92,179916,26671,3082,154588,620266,442836
1/18/2021,Operations,437149,86598,29085,46260,31619,77459,148697,169603,227373,10420,798687,113650,95830,39,17,19081,2935347,1363558,2642588,1814198,0.51,2.2,-2.48,19.91,7.52,12.99,64.51,20.26,37.37,325257,8.92,120202,55817,3616,104637,634203,358594
11/24/2017,IT,211950,373340,125878,98811,30522,66611,54176,299160,83144,27998,378322,6179,138084,47,67,282765,812858,3336713,2666433,1504034,1.3,3.0,29.47,-1.79,18.81,-4.86,66.32,15.99,19.08,237622,9.18,53793,209678,3852,79237,884390,136944
8/30/2016,Marketing,74108,340941,23788,225948,84221,165292,24988,352702,112783,59349,871855,9254,138721,51,60,183579,218748,901236,2998073,563868,2.59,2.95,-0.8,10.14,-9.11,8.82,65.87,13.36,35.24,296430,6.19,78126,60856,3698,85152,524981,289323
6/22/2022,IT,247508,123369,50808,30364,135549,153793,39637,359351,111425,-5974,952315,91454,46682,106,102,-72068,1108608,570717,507867,874934,1.28,3.13,9.09,0.65,-9.79,8.18,12.36,13.3,36.63,461638,8.19,173557,271999,3218,50365,130581,360366
8/6/2018,Sales,215649,446827,45709,264031,111422,178222,48087,246870,68319,39869,996446,136637,177373,50,118,-98794,4104048,2032724,2193465,1517823,2.93,2.71,17.67,45.12,4.16,-1.85,43.97,48.15,13.39,34875,1.06,69450,29111,2285,46257,497019,358213
11/6/2021,Finance,273546,475616,164819,169444,105769,164294,11721,397931,257259,-44539,145098,68070,19366,75,82,71867,1965448,2260808,1553662,130383,2.67,1.34,-27.06,-0.81,-8.32,14.18,77.85,15.82,15.11,118426,8.75,22031,250599,1959,139270,360371,57736
12/28/2018,Finance,118452,450995,57298,265036,90241,38690,-10678,362427,76356,4354,382189,117078,35011,61,23,-79604,4750444,2549318,2955332,936139,2.84,1.88,-12.85,-3.54,0.7,2.27,12.74,5.7,34.62,229473,2.89,128717,169572,1900,49335,12674,63048
12/21/2018,Operations,474426,468305,128275,175270,63028,120119,20582,397331,228090,89864,72088,116852,98768,102,95,-69222,161980,128130,1412436,86360,2.88,0.83,17.39,21.89,12.17,9.67,47.56,18.05,17.48,250486,7.03,127107,245915,4809,48576,144949,32419
6/17/2023,Operations,254466,390591,144537,44791,101521,149601,136451,357288,45049,98844,841658,193008,57997,98,63,296363,4770032,324824,366577,1031198,1.87,2.13,8.86,49.35,10.17,3.04,14.85,19.88,14.19,210720,2.75,167984,238285,1824,48680,514777,444015
4/6/2021,Marketing,91151,193688,100362,286339,83380,137006,109339,253901,98882,-36156,129098,84345,156797,103,71,19477,3577065,546891,2106877,1898530,2.88,3.02,27.42,49.22,-5.26,-2.09,74.61,40.12,39.21,28433,3.43,101258,17955,4182,116304,990221,469218
8/3/2017,Finance,379426,481263,33746,171974,31427,78195,95557,313034,231169,75325,861364,138430,57002,53,68,197041,1441273,1908440,1355854,324106,0.96,2.35,27.92,-15.44,22.27,7.09,64.96,25.02,18.38,35409,2.09,109706,261037,2417,114600,187653,94670
9/29/2018,IT,394115,312123,45898,289564,138903,194115,62788,59012,144439,30294,897561,94438,100078,49,107,43324,2299548,3688362,1434400,191378,1.45,0.64,-8.78,39.17,6.75,-2.72,40.3,6.26,25.01,294140,4.71,19787,62236,1427,71518,425505,285099
11/9/2021,Marketing,397630,438669,190791,277207,73357,7589,14616,74419,21268,-47655,424735,147958,138718,58,116,-74646,1112513,3626990,957915,1290050,0.22,1.38,-3.62,20.91,1.28,0.3,51.94,41.3,5.76,389511,4.58,167978,22451,300,61045,29922,396274
2/20/2015,IT,163340,148682,121432,135058,132117,189716,-3352,361563,228603,-23411,182136,191483,161384,45,31,151171,139095,3228665,2890579,868295,2.22,0.71,7.35,2.14,4.92,-1.61,34.87,43.05,18.41,212645,9.67,68506,105667,2431,189100,529305,165813
10/11/2020,Operations,435432,85093,68729,207377,107538,102686,93513,207793,274632,90602,772212,122207,175328,67,39,149168,4706485,3980512,1857318,1268386,2.24,2.58,15.1,-17.94,-4.22,-3.27,65.52,45.02,33.96,484545,1.26,149472,70622,595,52315,469602,168274
8/10/2021,Sales,179683,151454,81604,30953,19082,50498,17270,49000,275016,-43004,841207,188367,134758,92,119,-20156,3733159,1969099,1175319,824304,2.44,2.04,-16.93,-10.49,9.48,15.88,51.34,46.72,16.34,127157,1.21,164893,154851,1967,55518,621565,94863
1/30/2022,Sales,470382,251787,112590,17117,95322,154254,-2036,250046,90926,798,595556,164828,186717,18,89,274978,867848,1059773,1897263,29450,2.07,3.27,28.64,8.07,15.5,1.08,48.05,43.26,12.57,20913,9.35,151590,80987,381,45436,460992,23483
11/3/2021,Sales,320974,516092,20318,87736,132504,12345,105593,319130,146323,-38794,693277,150925,48669,117,45,180168,4084770,252149,2335979,1091751,2.24,2.16,12.47,1.11,-7.38,5.5,65.7,14.78,34.16,132404,9.83,177855,89421,1633,177521,168851,273547
5/6/2016,Finance,180033,156960,146549,25244,98871,89670,74784,317079,236722,-44613,38826,158733,72357,80,115,-77149,658446,224194,366893,1056667,1.59,3.07,17.8,-15.16,18.76,-2.23,27.36,10.41,22.8,308367,3.54,35082,73691,4722,65692,210622,66671
7/17/2023,IT,215102,241052,56012,264978,64362,22575,52584,43006,213534,14080,103448,66035,137811,20,11,123367,3583779,585595,564637,1755371,1.95,2.7,20.5,40.59,3.74,2.47,63.12,46.73,17.4,472166,6.24,157752,195402,4327,148461,116431,489609
3/5/2021,Finance,108064,362180,149627,163888,81077,153503,64334,314884,156886,44769,356118,185884,47717,11,99,174114,2680837,2580534,1632478,1177593,2.21,2.77,15.87,-15.08,0.3,5.52,40.7,27.07,9.95,472143,5.02,38885,131176,4083,31908,148922,368507
8/25/2022,Sales,112137,543301,195256,189959,18332,143662,69759,159451,68425,-37720,849331,100709,136068,84,105,287088,3480018,2968395,1554297,1619398,2.96,1.33,-6.27,39.17,8.98,9.11,70.08,11.47,20.09,201098,1.99,199895,138132,1816,160813,960955,360634
1/20/2022,Marketing,401457,476102,97489,233655,27606,102511,92533,161921,291255,-3980,104375,78947,103187,94,115,180930,1263684,2587299,852798,627684,2.05,3.43,21.48,2.45,1.7,-2.35,15.46,18.61,32.74,459438,4.03,104557,198200,3526,124570,847227,435524
8/29/2019,Sales,316199,378602,99942,138318,130844,15011,3832,175657,227996,49603,996802,66025,28598,91,48,86535,993582,3307547,1631693,1961863,2.96,1.11,21.34,-1.46,23.45,18.8,49.79,37.3,27.25,485111,9.48,44437,248965,2364,31177,422813,310454
5/30/2020,Operations,64389,93872,96926,247842,102468,169905,48119,169290,186502,36006,845166,36268,132403,18,99,143289,4645163,2321776,2973119,22083,0.46,1.13,-16.77,49.59,21.35,-2.8,66.8,15.29,29.45,61929,1.56,52585,172002,2708,118288,424882,447799
11/18/2018,IT,320322,209880,97725,122739,70392,26211,111937,36914,142509,89776,443795,103791,89690,64,107,153744,462588,3253062,2007205,569670,2.71,1.83,-23.65,0.22,-3.05,12.67,53.09,35.86,15.3,277498,2.07,110184,258911,1600,192127,685727,350112
9/21/2015,Sales,341710,68039,83220,140372,81744,22669,18519,321509,299561,61994,848245,161973,64979,16,83,-52169,3350421,2572786,2166433,247964,2.88,3.33,8.52,43.0,-9.49,14.17,69.96,29.12,31.15,398423,7.42,160167,217241,2998,164943,195445,264511
7/17/2022,HR,419080,64822,120515,56622,90687,82766,130293,358705,114475,-12759,764830,136293,32454,41,91,299520,339708,2283161,936033,599734,0.68,2.06,20.3,33.95,0.91,10.71,43.26,37.44,5.19,345971,2.14,65429,76700,2810,129736,517210,211690
10/21/2021,Sales,250860,264598,25748,176638,146298,61906,79430,89619,179267,3420,911160,29652,174443,30,97,-17013,4340648,1047410,252840,818284,2.42,1.56,-24.08,12.88,-1.57,9.02,52.29,14.62,14.84,265793,9.81,191091,163579,517,177424,737168,107997
2/6/2023,Sales,236565,103776,130069,150236,95965,111109,69125,138444,152327,10060,934027,139162,99745,95,87,-27682,2900008,2833338,1719716,894535,0.43,0.83,2.66,20.02,17.55,5.62,14.14,22.43,12.11,264168,2.86,174812,208895,449,22866,620419,362294
1/3/2015,Marketing,285068,483202,197823,38450,74571,182759,52626,181333,179205,-37406,112762,158758,21415,34,92,232396,3748192,410857,2405898,246094,0.2,2.87,6.07,1.66,14.86,13.13,22.67,18.62,16.29,262621,2.8,117840,148458,574,122975,556122,246881
7/8/2017,HR,141462,275478,62660,45329,43738,137173,65670,260943,269700,232,858503,15480,84111,46,54,260645,2830096,2026777,2386126,400839,2.25,2.08,-10.61,39.36,17.37,-2.01,74.08,15.56,34.12,62032,7.99,7192,24801,2785,169658,851940,384162
8/10/2020,Operations,132611,454310,181936,62100,118121,124302,126384,341944,279228,61330,960688,29981,63611,13,108,29288,3730731,2242256,154840,464893,0.63,2.9,4.17,49.74,22.21,18.85,76.52,28.58,27.45,45030,2.28,54919,237371,1738,166927,701486,147778
4/17/2024,Finance,148578,244206,155246,247239,34826,142950,105344,77649,245047,69928,886663,73902,154682,30,23,197909,3154245,1792527,754578,53483,2.19,2.4,20.03,-13.74,-0.67,12.53,62.33,13.76,22.46,309636,9.32,178380,167699,593,119446,34667,476422
6/16/2022,Sales,317643,330214,36496,299326,54569,24238,124800,237194,143174,-6572,254167,47343,143483,111,62,46853,120892,2549873,2238202,203929,1.97,1.53,1.74,-6.48,4.49,-0.5,44.7,23.99,20.59,210523,3.14,47542,43958,4127,81763,873736,122493
3/4/2024,Finance,454046,165647,115421,10676,78714,50197,129136,275619,246097,-3845,963089,57141,8335,91,28,214442,1727581,1999136,633582,849221,2.29,1.67,23.91,3.37,4.26,3.28,74.21,48.38,7.39,301578,8.78,141333,169275,4324,23483,259048,324743
12/9/2016,Sales,351598,112790,87173,142153,65249,139015,27487,116226,247763,42395,684919,99530,193967,109,46,236663,2977667,1884452,915655,983932,0.93,0.67,-14.45,35.69,-5.48,6.58,33.35,8.86,19.24,287386,3.75,71967,65766,3645,43656,513347,311755
10/4/2015,HR,84346,338121,148889,52757,100496,173075,125059,220610,59860,-6802,759380,48589,22585,105,80,214044,2336725,3929927,1739555,1955362,0.51,2.18,20.7,1.9,1.58,-4.93,68.83,30.91,21.81,273276,9.31,48782,233783,2907,127992,583724,434055
7/6/2023,Marketing,262898,160640,97710,242266,114438,180752,137995,318475,228735,66436,146511,164566,39731,101,93,227758,1549606,3116810,707600,1567454,1.77,3.29,-10.99,39.45,3.55,0.65,77.69,16.06,9.21,68909,4.62,38927,74956,3554,52922,491767,122561
3/5/2024,IT,332534,344209,28732,39889,21124,151292,149431,339958,267675,-11147,375111,112274,107241,115,68,-71503,2802030,3430400,871603,1343333,1.38,2.66,10.93,-17.36,7.65,7.3,12.08,37.05,38.71,93513,5.95,136601,60486,1514,79051,440354,268502
5/5/2019,Operations,132723,140369,93719,148856,54640,122799,-19564,32481,298986,85177,99372,6019,137487,46,62,119566,1614837,423650,756681,1708964,0.75,0.54,24.85,36.51,10.24,3.43,40.65,23.31,19.74,339367,7.66,14555,261175,2690,194590,677165,267668
3/29/2017,Sales,181143,99615,140051,298697,145579,47071,45228,247131,91947,96695,401924,136408,131860,44,60,-34746,2150423,951765,2347933,83122,1.35,1.63,-11.64,18.26,22.14,5.04,34.53,27.69,23.84,399149,1.3,67116,290625,4672,98316,263806,108401
10/21/2022,Operations,322720,163481,153246,154471,59127,132385,115100,89207,125745,-8733,202290,114456,144040,33,114,39010,2838613,2087710,648715,17109,2.4,2.81,28.87,34.29,11.04,-4.73,41.86,8.76,24.0,174138,4.46,111819,197332,3537,116806,352481,330768
11/1/2019,Finance,293941,326318,70845,125727,109156,8151,-3522,119086,50790,32652,350919,34589,112034,73,44,27431,3902413,1790832,2495514,242073,2.27,0.6,7.62,11.2,6.12,11.26,15.2,6.75,36.22,74245,7.47,154267,68580,4027,41769,571043,122034
7/21/2015,Marketing,323599,187278,65073,271003,94668,125546,50241,54005,156771,23048,639074,48203,141186,114,26,113839,291455,219017,2554296,1363175,1.06,3.09,-2.0,5.83,-9.5,18.18,69.94,22.72,10.62,91890,7.83,101000,159523,521,126109,143392,42688
11/12/2017,HR,118681,293396,159412,116156,31117,10038,18219,105315,263335,93317,968160,176364,141534,47,56,12014,2057885,471246,1546165,768154,0.95,3.21,-4.52,-8.2,23.5,13.74,15.51,19.2,29.4,456741,6.14,176083,17932,4932,127634,325867,407264
7/29/2022,Sales,158637,323214,98617,17502,37647,85913,4490,62386,299866,-22906,792138,148811,133195,91,101,207534,1592087,1304441,2628519,1694810,2.76,2.9,-20.74,-2.11,11.78,-1.99,52.43,41.95,22.78,96775,7.39,91360,90399,1281,140769,362984,42787
11/22/2019,IT,295818,236220,124780,137005,64250,199076,30664,75987,73915,88025,127003,154102,46077,100,73,69423,4103228,2089665,2736806,1367720,2.82,2.16,23.1,8.29,3.51,15.7,33.24,20.96,28.74,178901,6.62,93376,299897,1007,121292,262437,326261
10/18/2023,Marketing,379471,499410,137400,44298,121552,147828,128520,242544,256714,78209,981310,127235,82351,105,54,136244,874343,3812263,2746563,1255679,0.38,1.6,-4.56,38.31,5.69,3.34,39.08,31.52,29.87,43051,6.22,70560,112754,2859,70108,451190,240557
6/14/2015,HR,350804,528146,126489,135424,67905,98451,24326,301584,103613,-18762,726105,15134,78104,77,55,111088,467884,2261979,2942204,796621,2.12,2.09,-22.82,33.11,18.7,5.62,54.29,12.79,22.98,94321,7.64,68131,95427,3059,69375,973442,396535
6/25/2017,Sales,437380,240505,197558,289103,46413,109973,56072,307183,65965,88669,691703,49687,65719,94,50,79072,4475046,3646905,1526705,1070241,0.31,3.32,-12.3,29.21,-6.72,18.93,40.7,10.77,27.12,22704,8.51,71189,117910,831,129510,461694,170626
2/1/2015,IT,82739,458356,156771,53328,27983,156745,114927,196391,95325,-45884,926177,92474,154252,28,54,74779,1981061,599531,2970464,1385901,1.27,1.05,-8.1,47.05,17.63,2.37,20.61,40.04,15.51,144857,8.31,158644,74355,4674,69482,728802,350653
5/18/2016,Finance,300678,84345,129464,106957,23601,145458,127217,39052,151688,77405,926906,54610,82798,47,77,242907,3228662,2298757,297007,424849,1.04,3.36,23.4,4.97,4.69,3.71,46.54,49.73,17.18,399826,7.56,85259,237314,1568,149550,584747,79742
11/29/2023,Finance,197780,480658,145819,146874,30289,181082,12701,347230,86559,70580,827768,65133,132930,40,99,202763,2014706,3434961,759884,65966,2.56,0.81,6.76,-8.25,6.34,-3.86,40.74,21.22,28.35,156582,7.16,47868,130135,4851,131290,559680,462746
9/20/2023,Finance,463928,409711,170354,94573,84128,10849,103172,278185,58440,8323,107382,104822,90096,90,13,38158,1386185,3476876,2511198,342957,1.87,1.71,24.94,29.9,0.01,8.32,63.13,11.78,38.12,70408,8.71,59033,60295,817,43787,69370,86684
11/25/2022,HR,139881,153051,147567,67307,16349,193756,28747,295861,251310,96414,621016,45955,56614,53,50,-94681,882425,3391191,115992,1675709,2.04,2.36,8.6,-12.77,21.62,13.97,65.31,47.49,18.37,269950,1.71,61540,236974,977,134401,701894,222555
3/6/2018,IT,424204,129816,168491,30259,149791,62526,84891,104424,297246,42438,569401,126837,184208,110,99,139926,1244303,1475861,1849233,1929383,1.0,1.38,-11.97,31.85,15.9,9.16,46.15,26.13,37.88,267137,7.92,182731,104709,649,184032,737805,138774
12/2/2017,Sales,317715,117795,146705,203098,110525,167347,46671,192501,79653,12430,453472,144379,140057,24,57,28266,3190970,3401367,2149600,1555407,2.0,1.81,18.07,36.13,2.07,9.64,24.21,38.1,11.43,455582,1.0,10424,185247,1787,199471,591055,368173
2/4/2023,IT,464685,406995,88370,56784,141905,80281,140491,340618,241368,1721,384822,153809,59118,49,30,70160,3978008,2220043,966522,445055,0.57,2.45,-4.06,18.32,10.65,-2.96,15.63,21.1,30.08,439528,3.34,89467,290698,1938,174789,542838,173370
11/18/2021,Operations,240513,523117,95135,247516,102115,98778,93974,265718,95475,-8634,863736,122929,97153,94,114,237350,762347,2187144,2413248,461736,2.72,3.11,-9.72,42.43,0.76,15.66,59.62,31.48,7.28,307226,5.04,170395,258411,56,167425,172007,425306
7/26/2023,Finance,168688,411043,103916,118644,130792,32360,102573,121394,272479,38234,493626,90262,62546,56,22,217760,290292,3669260,2180385,850533,2.4,2.14,28.43,6.14,1.83,2.93,74.23,35.12,20.13,197104,9.58,84304,94148,3719,107522,946550,291630
10/1/2015,Operations,316321,125362,128477,77029,117180,121345,107549,206804,105438,26442,526338,125348,50155,103,36,20989,3019278,3512149,2205870,1535850,1.11,1.63,-13.1,11.2,2.67,6.85,59.3,8.64,9.29,132753,2.1,148287,123102,3207,151739,260415,407430
1/15/2018,Marketing,188236,255103,191178,124938,128187,152355,98862,103803,51438,2419,698092,126641,81890,115,62,227284,1840560,912373,2390848,567969,2.55,0.99,-20.85,30.91,19.73,13.5,21.94,31.08,38.78,342776,3.67,137247,91334,4479,135764,168821,86782
6/1/2023,Sales,282998,454466,27535,282248,76177,46348,4925,222754,76383,8329,313421,86191,145571,77,107,3884,2346599,2769183,824128,1459757,2.54,2.29,-28.06,7.77,3.03,-3.86,12.33,25.95,13.37,60504,5.21,77213,239209,2012,133637,800933,461612
10/5/2022,Sales,119390,177424,58955,168676,60166,102280,46852,238406,138802,89555,308424,57221,151480,99,38,267979,1887741,1178520,2781684,1899105,2.38,3.38,21.11,17.89,6.91,15.64,16.13,19.01,13.16,296401,7.29,182689,75515,3628,62980,580288,411754
5/19/2023,IT,162120,119950,180241,51545,89047,188684,-4174,88465,29206,86028,940748,23715,117891,27,52,173335,796080,1062067,603297,668146,1.84,1.87,17.52,27.04,16.53,-0.98,63.74,31.3,26.48,353463,2.32,71007,7934,1431,118689,141609,396529
5/12/2024,Marketing,465953,138921,118168,187672,69892,73086,17413,291855,295554,14678,999402,145921,35836,14,18,-68457,800142,2889641,2206268,1740066,1.5,0.77,-0.49,-13.73,24.27,1.48,41.88,49.28,36.23,250493,7.07,65582,191175,579,23593,288698,169664
10/29/2017,HR,343623,148940,197877,205601,58229,166262,111253,77664,164500,51542,126557,69026,165978,83,86,200086,3923240,3284033,1546657,245350,1.13,0.96,-14.09,43.9,8.1,1.03,27.06,17.14,9.29,430285,3.66,184682,45534,891,169966,892964,49282
1/18/2018,Operations,264458,389525,43765,43310,135070,14627,129692,266056,173476,-5307,422613,146904,66574,57,94,15523,2149513,1979683,172000,1255558,1.28,3.03,7.29,8.37,19.83,2.66,39.09,14.01,8.4,369763,9.0,169291,179975,4152,130449,213229,289250
1/11/2016,HR,396197,433457,60454,129971,70152,198046,134329,371159,136223,48002,626487,73624,183508,105,10,26026,2425927,175397,1542566,378453,1.73,1.32,1.25,-4.68,19.35,-2.38,16.67,43.54,18.16,293869,4.64,159711,53141,855,33201,12714,497839
8/30/2024,Finance,267603,201897,35424,257832,137071,109990,78070,282593,56787,78162,867117,7570,24380,16,86,47643,3750214,2417293,2431090,417758,1.35,3.19,-15.56,32.02,18.62,12.86,68.67,37.43,27.75,273424,2.72,60775,68828,1493,20325,677820,204249
11/22/2017,Finance,339148,377695,80285,178281,25592,128842,4355,170665,56499,45650,504024,57694,39103,29,40,285187,3851602,3800515,139538,599652,2.3,3.15,26.95,-9.03,24.24,1.37,43.54,16.28,6.32,158768,9.51,166353,292445,1072,110358,81464,59285
5/26/2020,Sales,154810,105217,57115,216459,11668,183744,143708,377299,99924,46444,966537,134534,7558,100,21,244907,3762484,3316259,1669057,363778,1.35,1.13,-15.28,-13.26,-8.27,-1.06,42.79,36.44,30.85,102273,7.06,28059,47448,2536,179300,532210,44558
5/20/2022,Sales,255170,208974,142714,70051,20106,196610,88484,73775,186821,87018,269834,132672,152824,59,57,284289,789936,1027693,1033168,1175030,1.13,0.6,-29.68,42.39,8.38,16.8,32.09,22.12,20.42,267045,9.17,14924,183904,536,108921,797096,83380
1/17/2020,Marketing,109810,120414,35222,86546,94809,153040,103989,40571,272317,-11514,976824,120833,29738,35,57,181544,4712770,3029245,1029074,1269670,2.58,3.18,7.81,49.26,18.55,13.92,58.11,18.63,37.47,418152,1.71,115677,70281,388,175831,537654,358102
4/27/2022,Operations,237702,391421,67733,100461,30208,122455,48492,261628,201107,12003,423204,66930,190308,116,89,55810,3542876,2782812,1645648,1950827,1.33,3.35,-27.65,9.15,-9.57,1.83,12.48,23.28,33.41,81441,1.62,24814,98424,892,74623,657985,131048
7/21/2020,IT,170004,424588,144382,232409,35537,60319,90538,280679,251525,45094,128008,145355,135389,76,29,263055,3482737,320587,2705239,1540109,1.99,3.13,23.83,5.57,-9.16,17.03,18.39,28.18,18.18,421612,1.2,128181,108743,2308,81688,211289,475057
12/3/2020,Operations,106372,170411,138290,85392,21920,138451,47036,142327,270506,54326,674542,168579,43096,97,111,-59713,4768935,2962385,1827396,624977,1.91,2.75,26.89,45.99,22.35,8.35,65.32,48.19,9.35,352902,1.43,110872,138878,4475,126590,321631,446736
2/11/2016,Sales,263198,383717,32448,286972,44257,194998,93656,55645,251445,34602,605345,33923,130417,64,53,192214,3438241,1406683,1278106,1612083,2.31,1.17,-24.79,14.15,17.61,-0.86,74.71,24.71,6.78,232170,6.19,114939,38700,2100,66859,543208,184449
7/26/2024,Sales,350105,328293,67895,286458,117371,161013,28843,391984,58770,77336,219016,30196,55105,108,114,238833,3247980,1914986,285222,26800,0.16,0.94,-16.96,-14.42,-8.81,-4.62,56.02,21.45,17.74,475943,3.36,142991,39957,3284,67473,305459,349929
12/8/2017,Sales,216671,394002,36004,295115,7652,93573,91894,138959,36713,62475,522143,194846,158069,38,92,-49972,262565,1971833,1442163,456276,2.67,2.35,11.85,47.52,21.73,7.57,52.8,38.39,22.45,442898,9.15,121556,235310,2847,147676,783744,334510
10/4/2024,IT,56336,347187,20662,151170,104251,107222,38365,50261,261102,47888,77276,89466,189451,13,97,59751,710757,234904,655194,1052965,2.08,2.8,18.69,-12.4,4.43,12.58,64.19,41.42,18.72,397566,9.76,66330,172591,2683,152041,791533,464382
12/22/2015,IT,199953,210027,84801,87674,43842,74049,114421,278414,203456,-28367,591887,186633,62050,78,27,-58914,147456,3646503,1312807,736741,2.72,1.02,-5.63,-2.15,8.5,10.99,40.11,45.76,15.82,438832,9.88,18611,172691,907,43520,475151,88400
9/22/2016,IT,298961,279855,177298,169620,96312,14006,23662,329839,92833,5254,432200,167631,185410,19,59,63198,878287,2925658,1488018,1821716,2.32,0.98,-3.11,8.63,12.0,-2.1,65.3,19.26,26.02,146483,1.82,32318,153746,562,163172,274136,68580
2/13/2023,Operations,136103,361672,157293,296310,46537,116967,-7455,206920,187982,3517,371969,176949,71146,76,39,65288,2404455,2645183,644148,1349162,0.52,1.08,-23.4,31.58,3.1,1.88,19.79,8.28,35.18,307021,9.45,80558,293816,1432,110219,127940,405958
4/28/2016,IT,443001,505783,184483,220889,15925,61435,124123,232732,159157,-11326,362572,158059,148728,11,107,238565,1923878,2387486,1096695,54057,0.86,2.8,-12.62,-19.64,22.26,1.19,25.98,25.95,5.08,191976,7.61,190095,246408,4609,74078,333324,107410
9/2/2020,Sales,213501,273092,165946,40377,88205,36703,134804,169506,191761,48209,908108,22660,16215,35,117,284523,1244561,3161274,638447,1332817,0.78,3.45,-6.14,10.7,18.96,14.35,77.82,49.21,33.38,51672,9.17,56863,85782,405,71427,960718,274295
9/28/2023,IT,161941,377702,72627,221522,121742,162139,55592,90891,207339,-29197,544999,69211,55774,73,107,226197,3495730,1099850,53877,529021,1.67,1.71,-27.29,-5.97,7.87,15.82,19.37,41.24,29.85,406431,5.65,55227,100131,4269,180557,799683,94757
3/17/2018,IT,96928,295755,146975,193368,52784,195969,68222,244460,292611,8122,630647,124317,189843,103,90,98172,624926,2837702,77005,781434,1.02,2.29,-2.57,47.88,7.68,18.5,41.39,41.89,19.68,167484,9.21,88692,157494,343,66781,918015,96924
1/21/2022,Marketing,81182,148566,40581,124978,99527,148011,6471,214921,176714,12969,728378,191089,6683,77,29,24766,2179919,2413722,2784324,445854,0.2,2.04,-20.23,10.54,-0.66,5.84,66.51,23.63,12.07,346355,9.09,60675,210283,350,185097,840478,221138
8/27/2022,HR,202786,506534,22626,268180,67358,139480,99947,87229,182523,80332,324245,189669,168384,85,38,-2447,3458038,3859484,603561,1177172,2.59,2.76,-4.24,35.52,1.55,4.75,77.87,18.27,34.18,400112,6.13,95446,34310,4238,97712,678258,37522
3/5/2020,Operations,87056,302457,141735,66702,131121,143315,31192,175144,65241,-9092,644468,43091,192698,31,27,262200,949347,965213,50462,438653,0.28,3.26,27.89,12.62,23.39,-4.49,34.33,34.64,15.6,34781,3.39,137253,162926,4200,71151,32491,371837
6/17/2021,IT,461035,467838,31832,201250,100894,39135,22589,287212,189279,-6938,311868,192464,173840,16,19,158652,526541,3086766,2991537,1187155,1.1,3.33,17.05,48.16,10.36,9.11,70.77,13.6,18.51,167031,6.56,144796,92875,2931,81611,717098,307385
7/28/2022,HR,150639,384866,88306,32810,27306,63624,116248,311824,28992,68920,861968,163897,99794,27,44,60119,249540,1979819,2641831,1060845,2.03,1.21,0.23,-1.09,-3.25,9.09,52.77,27.08,9.56,482648,5.35,77371,58424,2798,154729,134970,389513
12/28/2021,IT,299991,348735,29888,181926,128477,182924,-3899,134769,244512,91819,424905,57462,81844,62,39,50038,643401,985860,634910,1957524,1.67,3.13,20.61,-15.21,-6.84,14.52,71.69,5.96,5.89,258074,7.97,83116,276475,449,40192,110526,191078
5/8/2020,Sales,288431,60491,58087,73625,86863,161140,103636,266809,101782,-2053,172892,67461,65030,86,18,17897,1578144,3669453,266476,1185969,1.0,2.64,7.92,37.01,-7.35,18.45,47.26,22.48,24.16,89776,9.25,93757,36306,3467,43453,165584,90984
8/1/2023,Marketing,391698,330150,157838,271663,24757,120449,-8053,243008,233676,24533,548100,43390,52909,82,66,13575,4398413,2433125,1457497,1990699,2.51,2.04,21.43,25.42,16.23,18.92,55.41,33.24,32.24,256624,6.98,181021,251734,3146,29230,105667,259995
12/10/2019,Sales,137492,218973,173929,151106,116862,124076,149941,266007,150456,-48105,138718,88289,172347,92,107,276781,2442779,897787,218639,75840,0.49,2.59,7.18,-7.36,24.64,16.4,17.18,35.37,28.64,10597,6.07,125402,272691,1697,148111,287125,389728
12/10/2015,IT,122731,312925,84284,294765,43918,14872,20927,144483,218634,83218,998096,21942,189049,99,14,5319,2269194,3497157,232086,741263,0.9,3.24,9.89,46.11,22.86,-1.31,15.97,38.33,34.27,14891,1.6,186855,296824,3744,179836,410772,190307
7/2/2015,IT,203880,264492,35261,204329,5969,123506,76608,166064,108086,20472,32024,141572,120504,92,61,-23250,3587540,417600,2000242,634122,1.79,2.47,25.79,23.03,-8.09,7.84,79.26,16.99,17.01,493728,6.05,70813,54980,2275,168041,349116,298405
5/26/2021,HR,423718,423320,190095,199511,23504,54349,106889,131153,71348,34693,358285,167235,135375,13,114,-45044,494576,1451018,603290,1493039,2.49,2.8,-17.55,43.04,-9.01,-1.4,29.6,25.99,38.85,292648,1.29,142659,69151,2932,171189,903074,137276
4/19/2016,Finance,498531,122831,108977,94067,95582,132879,67570,210840,129593,45069,313361,108575,120428,49,71,-98535,3730047,3402140,75664,1918745,1.02,2.67,-1.0,-4.67,22.58,17.94,31.74,26.05,8.67,61158,3.45,151432,219213,4681,186056,26252,453743
7/29/2022,IT,202539,352995,193364,31943,133342,24820,38047,270898,78394,-22547,771916,150954,117024,29,107,15049,2285379,2382057,943240,767308,1.85,3.09,-14.94,11.96,1.37,7.88,78.13,37.53,32.25,196082,9.52,56366,232610,4332,151199,131428,329469
4/17/2018,Sales,374466,492187,184466,113415,121126,129612,-9766,165815,135742,34169,827630,155784,172724,45,53,82922,401804,3841882,2060791,1197008,1.41,0.86,13.13,-12.19,20.62,19.7,54.31,20.21,24.39,57482,1.63,117224,84954,2221,185698,11081,226521
12/8/2022,HR,65314,245301,190087,152753,107623,88612,104577,145028,121414,68490,285901,20132,184725,84,93,117991,1165687,2582500,1392854,771526,1.26,0.88,21.22,-9.4,7.97,-1.65,17.01,15.86,31.61,313338,7.37,185236,120810,776,24312,117329,427293
3/17/2024,Operations,98781,526855,118679,106080,17858,162493,149033,265406,119490,17152,697760,82128,91455,10,76,197838,4369689,1783633,224395,128482,0.17,1.37,24.51,-10.01,12.83,-2.84,17.12,7.36,20.65,368873,4.98,118878,97246,969,168846,658264,178492
6/1/2024,Operations,184089,488407,153772,114914,76557,180206,136229,192084,235401,10962,728196,155165,169459,24,90,124075,1431157,146828,216793,311222,2.93,2.93,4.23,40.28,-0.77,-1.33,75.06,48.34,6.17,39269,2.87,76018,213906,439,110317,48409,210277
6/25/2024,Finance,221325,317886,157051,232512,99142,111326,43466,59778,62375,96751,666987,108296,128080,27,26,15132,3986781,3346059,802676,983060,2.56,3.04,25.71,6.68,7.52,5.77,13.22,9.47,26.74,42721,8.2,45583,235156,2756,135295,269391,90687
4/4/2021,Sales,291183,362722,112192,267176,117046,64222,33904,352629,206632,-39530,786268,87057,145684,67,96,83057,3064996,248794,2389380,473989,0.71,2.77,-23.72,47.71,19.32,4.93,76.46,26.3,12.44,469247,4.19,185110,219507,1223,160859,837583,298349
8/23/2020,IT,331267,123625,190966,261127,88019,125239,105877,130303,296709,80329,660529,6562,46897,119,97,-55585,394606,412716,245715,1917684,2.92,0.74,24.32,-14.28,-2.24,-1.85,19.43,18.3,12.87,207950,3.83,98625,226167,4078,148979,960020,84920
7/18/2021,Operations,115728,88044,105118,107308,146875,173486,133753,173127,50941,42307,301175,170899,183686,75,118,8869,254973,2035865,2110322,1515560,2.35,3.14,0.76,49.51,18.52,9.46,31.6,39.53,9.05,350621,1.81,6943,94323,2143,22694,933816,152190
2/16/2015,HR,296317,445176,142770,209028,19705,104409,19224,67976,168867,-16608,250052,138405,74496,20,89,19599,3616600,3786179,2094580,1090101,0.78,3.13,4.58,-7.55,5.32,13.2,16.68,32.24,11.49,292387,4.07,49090,47078,736,97473,86725,254470
3/23/2020,HR,342915,238752,151677,88411,20149,171605,-3488,47209,160432,-16211,929694,53148,57459,13,77,-34001,172470,554208,1653987,713630,1.05,2.44,12.37,-6.21,-9.56,18.86,75.54,30.94,23.63,450900,4.58,122225,160090,723,62441,273573,451577
3/2/2019,HR,287467,83827,188398,251586,138556,192471,92505,160959,33311,23299,713968,115265,183487,72,57,296320,1033471,3557916,1200685,964043,1.43,3.02,-6.61,39.62,4.11,16.38,59.54,20.69,8.5,400723,4.96,114135,157311,3031,147046,444415,53705
7/12/2021,IT,188841,288189,159075,76313,68393,17126,84421,268701,237529,-19669,278215,141871,113283,15,31,90733,3772150,1451920,1815213,1392649,1.83,1.31,20.76,-18.05,-6.24,19.7,12.11,31.5,37.57,469581,8.5,28826,54349,4790,144185,258829,111207
4/4/2023,Finance,95091,184868,88238,175098,118021,37480,66697,129587,248107,11026,760942,128230,108335,62,38,23193,2251522,3487133,2177166,286780,1.03,1.66,24.88,22.86,2.21,-0.92,29.66,10.2,33.27,446108,4.28,10817,257307,3180,193888,163740,247740
5/18/2020,Operations,84116,476025,112978,294615,90892,105824,80941,80090,26856,83468,291454,186538,135800,30,17,57209,4878311,736008,2427087,378478,1.39,2.0,9.06,4.39,13.83,5.07,22.7,21.81,32.78,167284,1.97,151192,78840,3556,53118,234824,351257
11/2/2019,Sales,118635,508527,198299,254431,53031,79557,61176,149623,258755,3608,180489,141318,135204,17,35,90000,3146823,567513,189192,1071063,1.77,3.09,-22.19,11.94,16.4,15.57,16.03,28.87,16.95,133778,7.93,108229,75102,1315,65013,778937,128974
7/21/2022,Marketing,78266,105188,138145,298729,99826,47502,37436,291945,247350,84087,998551,124930,86538,102,54,138296,3860194,3666945,2651658,1727599,1.91,1.12,18.04,11.1,-2.72,13.19,31.27,26.25,5.03,355240,2.61,42983,192290,4613,57886,358183,176106
9/12/2018,Sales,109231,368094,74800,226245,31347,49387,117422,212168,45939,21242,197916,133663,77849,109,11,158132,1610832,3466619,1470817,821681,0.97,0.88,-2.37,46.21,10.86,10.58,33.55,25.23,16.26,27623,8.27,113607,116633,820,71396,236354,333145
3/2/2017,Operations,132995,387050,62053,131826,7994,90745,143016,278694,279422,35477,990771,56138,94917,11,77,206548,4283973,3234457,697728,1095120,2.1,3.12,14.32,2.01,-6.0,5.47,63.3,23.29,7.35,276327,5.12,199812,268678,3480,144998,532174,412546
1/24/2015,Sales,415002,231910,199223,108675,61692,185822,105503,280697,230741,77634,577324,166382,193392,27,43,289794,3468911,344246,892999,1569698,2.55,0.59,-14.24,47.85,6.09,6.53,39.49,27.9,37.18,351530,8.33,136280,158735,3142,81926,961651,231215
2/19/2017,Operations,285229,86222,53444,94634,20957,42265,18068,269042,180758,-28719,204728,157136,154047,41,62,251424,2704848,3805702,1672694,1182880,1.02,0.6,8.26,5.18,-5.11,16.72,75.4,41.71,35.78,337544,9.61,141057,115718,1640,152429,718121,387096
11/19/2016,Finance,166471,469084,20718,209241,143448,183109,33664,238719,279726,-38683,332529,19666,96361,46,13,30077,672465,1993280,1252625,1555324,2.67,2.05,16.4,47.47,8.2,-1.58,27.34,17.7,7.3,474029,9.73,49802,272788,3557,155771,56491,285036
11/23/2015,HR,162795,262157,113633,276802,79568,149171,70594,149571,268099,2286,306447,190121,74641,36,100,-27743,4881564,1703051,1999978,103677,1.9,2.53,-16.34,25.65,13.11,13.94,15.64,26.04,12.05,222600,1.51,148112,226764,677,97924,145781,283452
12/2/2024,Finance,498232,359828,183483,124681,72544,6767,45586,162691,171429,-8363,823312,116690,28231,76,15,-45746,1217422,458152,1467249,1943152,1.75,3.27,-13.36,42.87,-1.54,9.53,27.65,40.67,26.89,213100,9.88,74756,66700,4726,118793,137566,73257
3/9/2023,Sales,290822,548372,141621,20282,47097,68717,8037,358782,70840,22994,448927,19198,136519,109,81,261210,4433264,3286785,157206,1061431,2.26,3.39,13.83,48.48,9.93,-0.22,41.1,48.61,16.31,88679,3.62,31727,122951,2254,94703,18837,316448
3/21/2016,IT,359484,533848,69719,162254,52414,24424,99146,379221,275640,38548,458570,76642,99583,88,74,-14301,3153572,3389209,2517789,768946,0.52,0.7,25.53,15.71,3.21,4.33,64.29,24.24,27.37,184659,8.65,119899,76425,899,138624,744210,291991
7/13/2015,Marketing,81930,186457,41539,263678,38486,199747,77663,203989,37523,18058,373565,133005,83826,15,109,137111,2027121,3663316,1363689,699722,1.98,1.76,5.98,-1.24,14.44,14.37,79.01,25.86,35.09,319679,2.1,92939,199685,2525,90484,995187,455131
10/21/2019,IT,99850,223100,111024,295655,138015,114623,-16203,247641,102863,-11164,936419,192806,60933,34,118,155993,4215726,2344536,2482553,809830,1.6,1.07,-18.37,-18.98,-2.85,0.56,53.29,13.04,7.85,87181,7.56,150063,92074,3161,51887,191932,427135
9/5/2022,IT,204364,270304,116424,299524,123172,164566,112684,196478,192189,-12584,839168,183657,138975,119,32,-41997,2950108,553665,2100683,737697,0.93,1.06,22.91,29.14,-6.88,-4.99,61.34,25.36,18.46,11905,8.74,114873,53893,2137,153117,974118,122428
2/2/2022,Marketing,442175,145771,75079,138792,14340,155068,93910,208341,189488,3567,980531,193014,194803,117,49,162362,1897134,2675077,245617,1850977,2.86,2.73,-7.61,-10.54,-9.43,9.57,26.93,42.74,34.88,490158,8.41,29049,121923,1210,115080,950044,481935
8/23/2020,Finance,155296,304752,70574,253086,134253,116089,126826,313377,143478,47136,582401,98924,94154,13,24,50051,3405732,231808,1113739,1106732,1.07,3.09,-11.02,6.56,22.87,19.82,53.67,18.83,18.65,135758,6.14,122993,12446,3871,118624,987461,222905
8/29/2024,IT,177511,489815,171045,42232,100502,82888,60504,353097,238340,-5842,729167,194257,129023,74,98,160398,174300,1332228,2374666,1556042,0.34,3.44,19.47,32.78,14.33,2.86,73.8,29.78,37.47,101101,2.93,158252,288984,3778,98789,100011,183212
9/8/2021,Sales,64518,149294,94564,144845,26040,80618,66518,41245,67758,94105,650051,87678,76231,85,82,255496,719355,307287,536504,648186,1.46,1.54,-29.59,21.73,4.69,5.56,61.36,44.75,11.21,237232,5.28,81622,252741,880,127809,537239,302126
6/17/2016,HR,361591,528185,181658,31903,8415,141271,51889,318392,87347,62754,13395,169909,159923,96,15,35720,2140418,2334035,1145524,336380,2.05,2.03,22.61,34.39,18.54,5.65,22.9,26.07,19.98,20506,3.27,62013,230834,899,64491,172844,314431
8/9/2023,Finance,322566,382105,171230,203254,9972,159708,39458,275792,214034,33315,854585,160148,150978,21,93,166159,2813580,3163529,2555687,1498203,1.05,0.75,-29.97,24.55,15.91,17.97,44.09,33.27,7.57,35754,4.13,183044,146421,4376,183978,416217,179011
3/20/2017,Marketing,316732,83037,23641,195447,59083,116256,44796,41114,27135,99256,813085,101718,88438,56,86,269654,4784204,1199874,1372331,595137,1.19,1.31,-16.77,36.42,-7.91,-3.39,55.0,5.82,32.62,105763,9.79,64323,32937,1136,178227,315913,342721
9/28/2015,Operations,402748,528470,88801,177875,49695,23257,85491,129309,94459,89489,588599,127815,184681,115,97,206891,2330722,1459315,1068959,926865,0.82,0.7,26.69,29.3,-6.19,15.69,63.03,37.87,20.13,249912,9.97,70200,135500,2446,69578,828640,477521
12/30/2022,Marketing,471680,148545,49671,148972,53588,198864,127877,322443,28591,27275,629397,95363,163393,80,105,173953,991219,3854310,2290399,157744,2.18,1.48,-19.64,-14.69,22.34,15.63,35.4,6.25,29.31,264691,4.08,26205,11085,822,158577,857113,484441
3/26/2020,Finance,345284,510622,23366,54181,128113,98435,136961,65695,130960,48109,246723,34738,107721,44,14,73551,348432,807825,498080,1612186,2.4,1.8,-15.37,9.74,11.54,16.68,38.64,38.15,26.31,342201,5.39,71320,217222,2150,141363,363392,432151
5/13/2021,IT,449384,267659,147965,24158,112064,115530,105751,273161,33064,33704,277778,193707,140288,111,15,24282,1046614,3469482,1442783,1656053,1.69,3.12,-25.63,30.52,20.28,16.51,67.78,16.02,15.54,479647,6.35,48166,51936,516,30012,792648,421878
2/14/2020,Finance,351429,456032,99211,17467,46932,61528,47563,209317,289793,96778,726121,150468,193033,118,59,9764,4443534,1993776,253842,292659,1.32,1.74,-8.9,-9.21,11.72,8.84,71.22,43.37,12.51,120040,6.65,37564,80454,769,28667,272846,39263
7/30/2023,Operations,252921,503510,59395,196223,56119,97638,90108,294593,233228,65676,368165,184742,184248,94,74,105692,1680303,1639574,565158,926680,0.31,2.19,1.3,22.13,16.12,14.73,20.43,37.35,37.44,321716,9.2,35990,187257,2590,108260,376640,301122
2/23/2021,Finance,325488,363731,121378,179994,91057,39539,101994,380672,249314,52628,752657,99371,71926,25,26,278780,1166669,1904498,2399224,1101244,1.93,0.94,23.83,3.72,23.11,2.02,23.81,17.04,5.7,268313,3.63,65880,220242,3521,113327,513077,246655
6/21/2015,Sales,64440,137496,101955,117131,13729,185947,20263,227136,121853,37602,156633,195360,15655,87,32,36926,3616247,533284,1005616,442841,0.96,1.49,6.54,38.57,4.61,17.98,24.06,19.3,33.09,309192,8.15,124782,119489,1065,46249,344828,181993
7/25/2016,Sales,355963,388892,158910,37490,143587,188788,113883,363429,257193,61396,908700,19434,143697,62,66,287314,1261723,475832,1571828,1601275,1.04,3.2,-15.88,43.07,-2.02,17.67,61.26,48.8,33.68,394387,6.14,30138,154711,4584,185202,353041,68718
5/11/2019,HR,424921,318793,124737,168752,145949,186576,50028,166779,113706,12190,41281,192230,46964,78,85,222698,4348630,2885327,1704194,1520174,0.37,3.09,22.7,35.38,17.49,7.52,66.92,10.28,9.53,444857,5.39,119230,42676,2673,33992,818367,119992
9/3/2019,HR,129936,530147,116645,193399,133494,54990,107323,265279,124337,77036,807208,175558,134104,24,93,145575,4015458,3182005,652421,273616,0.9,2.58,-7.08,42.56,13.0,15.11,11.91,24.16,9.84,351552,3.63,58978,113057,1442,43293,649474,162672
4/3/2021,HR,336637,354656,154927,278186,43112,93220,48786,374488,114368,-20667,671465,11158,134015,11,98,263224,244805,3591938,1946910,449548,1.19,3.36,-14.29,-2.73,21.0,-2.24,46.97,9.32,26.36,456955,1.13,152091,191024,1516,188974,894802,202803
4/25/2016,Operations,319183,96667,130104,48852,148838,36333,65796,140842,187760,-9423,246197,66326,25455,107,49,114316,4997632,3071227,2221696,1260228,2.07,1.42,1.91,26.79,22.2,-1.63,58.15,22.55,29.46,233678,9.47,56077,158397,1562,83424,608673,238692
9/4/2015,Operations,244982,506544,148947,149454,75478,130771,147549,201645,143226,28572,301310,100495,68562,47,75,254232,498719,1765852,880509,341105,0.76,0.74,-24.19,41.86,15.67,7.57,52.62,10.79,15.28,77677,4.63,58662,234875,4258,71416,999954,280264
5/31/2019,Sales,315067,357569,24715,15301,142872,152952,52849,360077,240227,23624,911135,192258,177778,81,88,82542,3931195,3639149,2867172,1281954,1.64,1.31,-3.89,28.59,19.28,-4.57,22.7,27.86,5.67,164995,1.03,92245,278898,3490,177460,641983,66427
1/23/2021,Marketing,108700,109092,49409,238662,103507,58406,125602,189572,249718,31609,660153,9715,9421,108,87,196907,1503950,968237,2932480,560362,2.05,3.06,12.73,34.83,0.57,4.51,56.16,10.47,7.37,465676,1.66,75472,99821,2120,28964,244514,394383
1/2/2022,Sales,398981,450657,47805,87628,28575,167363,-18216,106109,178641,-48050,555027,7503,13896,58,106,-8711,3089019,302816,1020649,1726434,2.4,1.93,19.16,13.18,16.56,2.52,26.08,36.3,13.86,227877,2.25,133056,276181,790,82566,489889,175070
3/28/2015,HR,233259,174473,194555,93423,105111,84387,106458,138250,283546,-18362,901213,31247,131088,29,80,25359,2400423,1692301,2127920,1699077,0.27,2.4,-9.05,44.07,3.72,-0.82,34.5,26.4,11.16,355241,3.14,51471,83636,3682,105177,942298,372857
2/6/2024,Operations,299610,105965,100718,124802,84196,96186,71249,237457,154120,66920,257959,148351,43828,34,24,205316,2761608,946475,363755,939656,2.89,2.15,25.41,28.8,10.39,6.1,31.77,38.02,8.21,227885,6.45,69516,197883,3827,95183,434156,315565
6/30/2020,Operations,89158,419832,181205,131819,72285,71578,1776,252933,269849,85194,169112,128805,126415,70,91,160359,4348833,2999015,2125521,226229,0.67,1.07,22.87,33.68,16.99,1.91,39.57,12.58,31.77,168796,2.93,138318,84482,4784,141677,816828,98444
5/6/2022,Marketing,399344,389391,139228,36409,27171,83600,115101,80198,39178,45593,942073,167605,52408,77,73,-57905,4785758,1389305,1437465,830643,1.35,1.56,5.12,15.12,13.98,11.55,10.75,40.97,9.01,81272,6.41,36072,232027,2037,38238,515003,96139
10/31/2016,HR,163183,309067,144895,169161,115023,171206,87446,391637,203050,94236,653698,115729,199773,33,82,-49745,2640229,3072699,2997229,737448,2.75,1.42,20.72,9.79,-9.87,7.37,42.6,23.05,34.97,288836,3.69,23764,155215,4711,109883,850852,37278
2/28/2016,Finance,223364,315019,133282,187274,106784,138815,66667,316426,252503,-28037,292805,175762,149461,73,46,280532,3091260,1069357,1793685,1529024,2.23,1.71,2.74,39.18,7.17,1.08,55.89,26.14,29.63,363536,8.09,41618,250155,2830,125001,40917,160332
11/25/2022,Finance,366145,142057,191206,227894,106494,140360,50978,160214,219052,-36569,279855,116332,101580,51,36,266334,2742595,2956024,250337,1357020,0.63,3.47,12.59,9.51,18.92,9.42,28.71,19.05,7.79,100561,2.24,151891,140942,2304,126868,105168,325190
3/14/2017,IT,341407,184948,37249,248591,44144,23417,-14839,289508,295062,33220,161725,187011,9786,86,57,211574,280129,1078609,2149567,691366,0.78,2.17,20.12,-19.79,22.01,15.95,45.27,24.16,21.18,369049,4.46,113328,202742,2411,102204,283603,159820
1/30/2016,Sales,315105,518674,59556,110590,26586,146223,-13897,232155,63013,81099,665480,99441,146332,54,17,-86740,4340695,1072565,2818500,1627014,2.98,2.13,-19.29,1.75,19.16,7.37,16.88,20.83,6.49,172342,3.06,24305,232596,1098,22322,761327,209550
12/28/2023,Sales,405973,496611,189604,214844,61496,56577,39572,215163,49683,13068,303364,45116,47523,17,93,287628,198911,170176,274179,688235,2.89,2.28,16.02,29.19,1.28,-1.76,23.31,6.61,6.33,87577,5.11,127757,32195,1618,191327,37312,91138
3/19/2017,HR,161862,285140,124665,220133,62570,177051,10016,357928,119375,68621,175741,135454,160154,78,63,99265,333940,294952,762342,1197130,1.42,1.9,-7.97,10.29,-6.37,7.39,65.14,30.74,27.7,302240,3.31,87775,152046,3001,182076,573491,86845
10/23/2020,Operations,330372,424038,54941,254862,22116,180069,53667,373479,104783,14044,692833,48761,15736,86,31,85956,755930,1707043,2171027,302633,1.52,1.04,-26.5,39.85,20.07,1.19,28.05,20.07,26.52,281354,6.3,51689,120155,4683,101603,437567,155348
1/22/2018,HR,84318,368451,137284,100219,110936,72828,123074,202953,211349,84995,283457,36839,123176,119,48,37503,265259,3747196,1723613,548687,0.58,0.55,-6.15,43.81,3.61,14.15,76.4,26.27,10.58,496100,4.82,194846,41375,2642,168293,482348,414673
7/27/2022,HR,409300,449317,29531,293398,42499,155249,49957,189977,287557,-28350,25912,22249,124789,100,39,-73632,976711,2031684,334900,125293,0.6,1.21,24.45,39.41,19.43,-2.12,63.46,40.84,13.47,187883,5.66,110264,232349,2075,91694,484629,107875
8/25/2018,HR,380996,407062,153905,20836,143198,57019,109203,102627,77711,35870,50339,78951,171824,111,91,-80246,1417372,3470738,1457936,1938507,0.3,1.5,-6.21,16.62,-5.85,3.22,28.39,34.33,37.58,257468,8.62,137694,208561,3437,78624,484518,352605
9/11/2021,Operations,396247,129642,147834,266889,22820,152666,26337,131581,181624,-18598,688690,19477,86836,28,113,-77537,3807010,2169506,1225005,75751,1.48,2.58,-11.63,38.33,-9.68,15.89,62.63,38.36,36.23,245002,2.34,56019,106075,4336,119536,498671,239160
6/5/2021,IT,182800,319636,151190,185701,128077,80206,65940,96464,234412,22454,495719,12159,80468,56,119,220654,1054218,962148,1542921,359923,2.68,1.5,-3.1,38.77,20.99,10.77,53.56,18.73,17.89,93489,2.81,41386,114780,3202,56839,134847,276944
4/14/2015,Sales,473314,241810,106461,80965,83449,162991,127950,397950,141494,-14329,709505,107894,195193,96,52,246333,1425523,2304445,1819813,981595,2.78,2.32,-26.34,18.84,20.93,-3.1,74.2,14.85,12.33,93628,9.16,68827,110157,687,115429,884545,457682
6/11/2019,IT,329893,149018,194311,251858,57003,90516,111082,100091,54315,-44080,969385,79552,113976,108,111,293899,281717,2593193,1601101,951911,0.36,2.59,21.87,44.85,-6.62,0.92,79.61,31.81,6.93,269012,3.16,154734,182049,1569,61131,23664,348774
11/10/2015,Sales,234653,442158,100865,284316,62079,90286,-3456,105271,213345,-47614,328566,38377,163328,86,67,-79084,1676053,576747,1612713,226622,2.04,2.42,-7.37,-17.3,3.78,3.31,34.46,26.99,24.72,491842,5.15,93872,129756,3189,82065,21655,444318
11/16/2020,IT,207853,440208,30406,163918,36456,146613,58603,259413,44706,-21806,92996,78822,19148,89,17,-15851,916960,941360,1747934,1320620,1.03,2.43,-8.16,26.11,18.8,19.34,40.96,15.11,37.04,39307,4.93,142474,252476,1560,40178,224023,343923
8/18/2015,Sales,166164,251097,185950,215217,44257,35187,95936,284779,168584,-36056,895632,169167,126279,88,19,282681,948006,3521473,2255943,1909077,2.92,1.03,-15.23,0.56,-9.17,16.21,32.5,46.88,9.89,355469,1.35,98114,261741,4422,39979,906259,409949
5/2/2016,HR,334676,547849,191217,191326,30087,168870,96288,171310,114629,30143,58745,109900,10851,89,10,272604,290854,2875531,2030997,888766,1.73,1.08,23.31,25.0,2.01,7.31,48.04,6.78,14.55,322464,3.97,94127,284727,1923,138447,45715,275611
1/14/2022,HR,204410,388076,142878,48590,74890,104160,-10962,167155,25756,-8826,118773,53621,89400,10,65,61532,2563235,1153445,1533484,1080943,1.26,0.74,12.31,26.92,18.19,14.65,65.04,7.39,30.36,47987,1.02,149028,272080,1326,187178,28862,401731
5/8/2024,Sales,65036,515446,175385,75504,144103,29445,126966,285492,278039,55017,708738,181543,87827,34,43,177666,4608513,2850974,1893543,1378714,2.63,2.38,-0.52,28.02,15.44,5.03,33.26,29.22,11.84,237586,8.1,61069,247672,3764,195191,995205,21793
2/18/2016,Operations,432481,70498,56107,67814,130059,51815,136833,147610,202693,52657,327596,43813,27896,102,16,169847,4817213,2548334,2400755,1014684,2.84,1.92,25.18,-13.21,22.59,-3.59,33.6,29.61,28.18,102341,4.13,66671,88933,2251,51272,782753,211788
5/29/2020,Marketing,156659,154572,198373,169781,30642,176082,5027,372745,52074,21391,495287,64164,44594,62,30,-32811,2158104,1943544,767653,861740,2.65,1.68,5.0,41.55,14.65,15.83,57.52,34.65,13.0,471004,3.74,61369,31861,807,168507,916020,142351
5/16/2019,Sales,447577,348086,49336,134613,10710,107915,87387,181304,262855,73768,598327,48724,149074,74,22,-59917,903757,1117196,1639162,824821,1.4,1.45,-21.31,-4.98,12.33,-2.99,51.83,22.2,33.05,446828,4.14,78750,72458,3650,188257,486225,236027
2/7/2018,IT,467376,254004,25135,133420,60968,42305,72170,393666,206718,-40699,674432,43290,44553,99,82,68897,156644,1442234,615377,150104,2.48,0.93,-2.13,15.57,8.46,16.62,71.68,46.97,11.21,241729,1.18,64488,24335,4336,83897,714559,290148
1/9/2023,Finance,191487,210180,157548,99118,71660,183952,37040,355344,112233,30629,804695,169556,173213,26,102,216838,1138767,686137,2776334,405453,2.62,3.07,-6.57,36.37,5.62,14.97,23.66,20.09,8.91,190208,5.85,161257,294668,3338,59358,475462,400183
11/28/2019,Operations,417566,248366,124807,85798,135926,73533,-8209,102417,219519,17693,313593,73227,114444,11,21,4102,675266,706533,894312,1200546,2.07,2.65,0.11,29.96,-6.24,17.67,24.47,33.73,18.0,410714,1.78,88758,273310,1922,77191,360520,382714
3/1/2019,Sales,158200,286531,141110,71515,45100,157063,-12387,215853,262169,-20794,164438,71580,29317,116,34,86661,518000,122543,381463,1898933,2.0,1.7,-20.0,-14.5,2.7,-0.35,14.88,41.84,9.78,422571,2.28,181890,193820,2569,58618,937760,90009
7/3/2022,Finance,165156,231504,58362,22528,18659,139301,106587,312998,83035,11024,412567,152593,9765,12,16,91866,4359865,1618913,304776,786491,0.83,3.0,22.48,16.28,8.7,7.42,32.57,8.82,37.63,467386,3.18,48695,47355,4276,157855,997966,39459
2/17/2023,IT,85200,462762,184798,16572,70964,64193,126113,91347,91539,98826,745616,32293,152454,92,36,115316,2369643,1058467,704971,1240663,1.17,3.45,6.99,-6.28,13.1,18.97,29.96,11.94,6.68,476125,8.18,107655,42712,4261,144259,543096,415327
7/1/2019,IT,429637,527976,42046,37645,142759,97587,47269,399543,84284,28559,955824,193860,141601,89,68,31262,1412583,3383701,2023743,40735,1.75,2.17,13.0,4.6,12.05,-3.39,32.78,27.48,37.44,254615,8.8,103798,261447,4119,54246,161264,341677
1/28/2017,HR,138105,189772,172665,50272,143802,13637,75425,166490,99827,-40748,275102,74211,181382,52,36,138564,1739735,3716541,2641263,491579,2.21,1.68,-5.6,-3.88,4.55,-1.08,76.0,38.85,32.13,292508,1.56,125290,292644,2268,51670,559197,130290
9/28/2020,Marketing,102731,494808,81778,121145,29746,105531,1356,259875,160158,-34744,141597,45742,46176,80,116,168464,2467554,2897867,850352,1826687,0.51,0.93,-1.45,48.51,17.12,6.3,61.38,47.47,28.67,350320,1.65,160542,273860,3942,135861,366767,71839
5/4/2017,Operations,204128,342024,69600,62120,29307,151901,-8708,125325,115798,12962,783733,117178,90152,11,22,23077,2403340,777828,1484619,1316536,1.58,1.94,24.85,-19.94,-9.77,6.51,52.93,37.43,15.32,57015,9.39,124290,260050,240,45838,883117,316087
10/4/2018,Marketing,461900,306542,46090,123040,59640,183892,8762,223255,288628,-33595,792326,85693,136216,23,22,-33591,2261649,993045,2609150,228209,2.36,0.65,15.3,18.15,14.18,8.12,65.34,49.18,37.06,244091,1.03,13436,103577,549,98215,17733,441823
4/25/2023,IT,202275,60642,74976,103336,108972,143062,18137,345953,32773,2951,113898,118319,7548,102,55,223214,1882519,2629843,2724908,1299419,1.75,3.16,6.7,44.79,2.81,1.0,31.04,24.06,36.43,345276,5.49,104696,122931,4315,111202,99098,189408
7/21/2024,Finance,170900,258659,114888,166100,127073,67482,109891,108404,187157,98547,168445,38991,35378,80,106,241195,466087,3529479,1190409,1034997,0.4,1.64,24.2,40.41,-8.04,12.96,62.45,19.25,30.66,469697,9.35,66643,285578,127,120508,218672,345039
10/3/2022,Marketing,115452,100925,101328,211477,120516,86380,107905,158927,222630,54075,11686,183987,123587,80,79,157980,3573113,1188495,513070,1431120,0.59,2.57,-0.1,32.95,23.41,-2.97,38.13,17.36,29.54,145803,1.47,53449,259244,2542,66308,869733,285977
12/11/2017,Operations,177388,497883,44634,97971,120524,183781,98214,32470,58729,96843,21614,163476,56753,77,81,172784,2739011,116112,2900645,640643,1.64,1.04,26.59,45.24,-1.89,16.78,51.94,36.87,35.35,105880,7.64,146227,240785,4103,171493,973324,253559
5/14/2024,Operations,439491,220870,112360,237696,82457,184794,39893,396582,54155,-27573,817489,159534,147471,58,52,173921,4530049,2938298,2631730,1553237,2.81,0.69,17.03,33.22,-2.81,3.81,46.16,29.99,7.34,36731,2.43,85684,171549,3137,137600,290071,408026
3/4/2016,Marketing,448253,498073,150996,65441,74661,178654,62198,395386,118726,1038,719223,20361,63066,109,56,271371,616114,835435,2565891,1672132,2.1,1.12,-13.03,24.88,20.46,6.2,55.42,14.44,33.38,168633,9.95,9560,233346,62,61886,142078,191121
7/18/2024,Sales,331663,172603,112184,284973,67903,122987,90608,116646,78534,20076,212920,14800,121127,98,20,21742,4823474,1972267,1076896,1559751,1.2,2.34,-8.06,33.82,21.24,-3.87,60.45,28.76,9.65,296980,9.01,94085,223168,4478,75374,771758,286064
9/30/2019,IT,326921,260775,121728,214072,57100,53918,62375,346421,234472,14542,827797,33704,149674,51,12,-28086,1580961,2470558,1420012,1236363,0.86,3.46,-3.11,11.36,23.88,17.37,29.38,45.32,7.88,147785,4.3,152811,211162,2001,104423,121150,338610
10/2/2016,HR,452278,483768,46152,223371,136207,56197,56984,53795,236676,31497,63733,177654,161725,46,22,-44498,874231,2295346,1367103,423388,2.54,1.18,27.94,2.72,-1.75,2.41,42.32,5.9,12.66,128310,4.33,48711,139378,246,104953,330179,460480
8/3/2022,Sales,83421,451029,137903,206782,116544,121454,28909,145946,291831,80223,928777,99825,172432,36,72,180159,1039490,243822,2263437,1127391,1.01,1.28,-14.43,29.22,8.61,16.13,28.93,40.13,10.96,221967,6.92,159576,175281,2137,145626,282605,65273
10/20/2020,Finance,100065,100538,120802,48437,52667,135104,73656,241625,175057,76992,83782,122786,141725,19,74,178184,2024142,3865248,2248109,1905026,0.92,1.14,0.3,37.07,2.36,19.44,46.81,44.9,21.36,434641,6.51,69310,107931,112,61147,522574,27959
3/2/2021,Finance,218502,311749,167194,148872,76869,188940,330,53743,165029,48241,982233,190525,192236,73,16,206318,2214629,752183,1682413,1819025,0.49,3.25,-8.82,8.15,-9.16,0.02,68.35,24.48,7.0,492824,4.57,76304,101249,2013,52155,577813,300679
12/19/2016,Finance,479723,181390,139370,278966,20950,186160,66096,390621,182784,27849,565268,170850,53130,76,111,164985,2695733,885803,665281,806485,0.76,2.23,15.62,20.08,16.91,2.5,16.39,33.47,39.53,442100,1.23,73897,172415,2433,73263,889674,155999
6/10/2024,HR,300498,461179,36242,104338,111271,48219,-9584,322572,226216,57572,12088,158525,71223,39,46,-74624,3313946,3533528,2624778,1139447,0.76,2.01,-26.19,24.63,20.96,-1.2,13.16,20.36,33.95,125445,2.25,102394,36296,2687,26637,142986,197920
6/12/2021,IT,173561,474906,37407,231394,57195,150366,83446,246345,210186,-44279,550509,22496,138508,24,96,-69228,2503844,3685912,2435867,1549620,0.21,1.68,-14.22,34.44,13.99,17.31,59.68,24.99,12.58,467977,9.83,95033,169476,2769,36915,134733,245758
3/6/2020,Finance,168105,267895,58175,234448,6921,101262,134055,342465,283276,29172,355970,111539,151279,95,28,44080,2984555,3737654,119089,955639,1.14,2.94,-1.72,-0.52,-0.74,-1.01,31.0,47.64,27.06,68762,9.92,119243,187443,742,90828,443812,253910
8/20/2022,Marketing,402631,208244,137612,179332,93978,53927,89754,291776,164151,-31830,932512,134986,69480,112,22,232017,389565,1575303,1211605,463900,1.13,2.28,23.94,40.13,7.49,1.59,71.61,41.47,25.24,244978,1.11,102432,50158,1283,196245,748520,337153
2/11/2021,IT,51335,77820,132828,175810,145303,153526,7372,370171,247136,52257,834973,46816,155561,99,98,126456,4899317,3118791,2573179,1386144,1.32,2.53,-3.12,-15.54,15.06,15.77,55.91,32.1,9.19,143250,6.88,181668,109107,1099,194668,944393,61035
12/16/2016,Sales,488571,402137,120801,108548,44473,30870,99979,397940,86758,60473,101021,47564,189959,72,11,254284,2617732,3141137,1561672,1932769,2.2,1.28,-7.64,5.66,23.11,4.49,54.68,26.36,27.85,207212,2.17,25157,39972,2210,26401,524369,105679
6/10/2015,IT,173571,117889,154047,203193,147464,112204,-516,325035,39231,-18637,679720,125380,189238,23,45,284610,3322954,511785,2843063,1290892,1.33,0.7,-21.85,31.3,3.97,2.59,37.48,45.32,30.67,423963,2.75,119057,89164,4901,103713,225578,237514
2/11/2017,Sales,85413,547801,55308,20807,114825,183690,99459,138451,109771,-30096,860440,195502,48099,50,12,45494,902279,3187950,391201,1230564,1.17,0.67,-3.99,35.11,-6.39,1.33,39.93,6.57,28.13,425513,7.15,138920,282726,1440,126179,343957,327573
7/24/2020,Operations,254322,541200,196652,116043,48006,40126,93364,251166,32435,-22024,226491,44370,128039,44,56,172539,158754,3530763,1229589,1981694,0.25,0.85,1.34,15.5,6.84,5.15,78.07,28.3,12.65,415330,2.59,111947,243034,493,154221,676583,60689
4/17/2018,Operations,157263,430335,158667,85447,48009,79473,67389,185548,252055,19588,896300,180556,7767,80,101,-59919,4078397,3940198,84205,596413,2.09,1.56,27.2,15.58,1.72,14.88,22.05,5.04,14.9,399706,4.46,178514,164571,962,159828,374958,38275
6/29/2021,HR,348997,87873,165073,83926,114564,71976,148806,194574,197868,71403,102863,19848,83320,34,48,136792,1780871,206011,1889398,946268,1.8,1.84,3.88,22.33,22.44,6.46,72.65,32.13,33.56,294118,2.34,159930,285056,3618,144624,368538,212430
12/28/2017,Marketing,377066,185118,191134,50180,81016,9495,15050,208516,202670,58530,244865,46749,144170,53,62,7849,1115562,3784236,2243444,54689,1.33,3.27,14.13,35.49,24.11,9.19,24.68,43.79,21.69,208452,1.28,193996,36088,3994,51567,338324,115747
8/26/2018,Marketing,274115,441537,66136,43901,51479,125964,61372,189349,95774,95812,389075,57149,116603,85,32,96192,4979112,3063582,500225,69203,0.49,0.73,-18.91,-15.52,3.54,-3.66,42.32,27.28,24.85,161195,1.89,9113,98404,649,39379,485138,289717
1/7/2020,HR,103738,322059,151361,263626,105981,15563,-17751,197295,43779,-44257,727867,108780,135700,106,29,175256,2766248,3284100,1848428,900363,2.54,2.26,1.87,43.52,17.06,15.59,43.75,17.6,6.33,313421,8.86,175173,237482,3578,154061,121114,304519
5/16/2017,Finance,302512,70602,53363,158108,61535,136824,91900,361783,43108,25343,439437,9391,168440,119,107,-76801,217133,2060143,959625,1849095,0.93,1.47,-10.27,-17.78,6.57,14.63,69.85,48.97,19.46,333944,3.17,20190,254454,4560,29747,749761,22377
11/23/2020,IT,455625,220578,113429,222959,129020,181864,146736,41491,196856,45459,255653,53244,38400,42,76,-93515,3007156,1925076,829561,389467,1.09,3.05,-5.17,-4.32,11.82,-4.2,17.76,38.26,13.39,390230,8.8,197271,111625,1824,31554,512966,380272
6/16/2017,IT,238779,514572,57845,293266,35721,172280,34753,148701,184368,83549,105036,75667,186402,51,76,-45458,3180843,3848874,2485778,1605856,2.14,1.32,-8.58,-18.68,15.68,4.42,42.6,27.18,32.98,13165,4.41,115117,129739,3826,120592,687744,286123
6/20/2022,Finance,330429,350785,153531,10880,16041,132467,116564,340927,287407,57119,818654,20283,61496,16,17,143650,2733890,407520,992984,464167,1.14,1.79,-6.81,5.84,6.94,8.65,62.67,8.98,29.98,301941,3.29,111209,18028,3381,68320,642393,76641
6/29/2024,Marketing,50879,197641,102005,234353,41829,173981,117568,264332,192038,54979,159985,101972,86447,96,26,299506,996805,1318349,1423822,64586,1.3,0.51,8.51,30.64,-5.47,9.7,15.87,10.77,29.72,348141,5.6,86478,76397,1994,140623,584615,203388
3/8/2017,HR,411160,83877,62723,267524,84055,171625,4055,349533,42603,78663,348434,77281,191370,58,46,123009,2313272,892626,1208190,668618,2.94,2.66,-0.1,6.9,5.86,19.72,24.24,22.11,16.52,437379,1.11,24854,58954,104,111796,621688,285389
11/5/2022,Marketing,450532,167088,149433,256508,121959,166216,93374,326344,248756,7101,405205,62166,98181,106,52,102850,2922583,3039367,2455614,532752,1.71,1.36,-19.82,-18.49,14.45,14.1,48.18,26.93,29.98,111146,3.91,162152,35112,941,123208,877298,35431
7/27/2018,Marketing,324101,481518,186386,253920,70347,103273,100325,56850,106325,49515,273888,154494,151048,49,56,292980,1052335,2648341,400077,1583260,1.03,3.2,14.9,48.31,21.55,6.49,36.96,13.03,16.26,48834,4.13,190875,298144,2440,154831,633616,126698
4/10/2024,HR,209766,344937,142121,187421,17827,73552,6433,87658,287041,88107,590435,152749,111061,72,66,51111,1570510,1622618,2528070,1009168,0.88,2.07,-16.53,15.95,6.05,16.05,53.52,13.06,13.49,422047,1.99,111106,17429,2285,130689,407946,92111
11/1/2016,IT,458846,342698,48550,157516,27435,83115,27409,150913,167019,92347,879719,178999,54764,85,71,251314,671868,230621,1123505,1717406,0.39,2.13,11.47,2.14,16.92,3.13,27.58,16.09,16.34,365784,7.32,189825,292317,2951,172703,543260,186499
1/5/2021,Sales,496856,183164,194740,161630,28142,191793,30838,69567,149947,32110,521810,12979,104420,26,26,195201,701098,811222,295929,407286,2.95,1.45,-16.08,-16.95,-0.95,-1.2,62.08,38.7,15.74,404734,7.13,67175,64106,2126,145263,489024,71751
10/10/2023,IT,280651,62061,146878,249843,52311,162134,12635,341961,272240,-22826,111430,67720,159935,109,96,696,3544192,3514835,932950,1856202,1.12,2.46,-21.54,25.56,-2.37,18.52,77.62,17.45,32.03,22350,3.2,172307,141582,2073,147773,770003,265720
6/14/2017,HR,237213,290642,196658,214361,62999,11310,136899,155142,248230,-45824,427461,170429,5897,113,36,149438,4845495,2469091,2820840,363455,2.48,0.93,-26.29,-18.05,12.07,-3.11,31.23,38.4,29.78,390285,8.9,108106,113583,4823,157018,851973,467054
11/6/2024,HR,268917,85454,140830,19632,99997,105164,84111,397397,243096,42441,200073,199456,84184,31,110,72144,1795514,1977667,1023110,1457021,0.6,1.6,23.49,21.48,7.95,5.49,24.34,13.39,7.71,425768,3.26,110989,284103,3165,26391,118797,450184
3/6/2016,Marketing,430623,305165,53952,105387,89999,168720,14924,310890,45539,56835,496293,106762,117603,93,65,-6077,3034978,3865531,1509825,879151,2.57,2.86,6.8,-11.76,-7.42,7.57,51.71,39.88,18.0,122459,5.33,40793,142548,1922,155378,246737,251703
4/28/2020,HR,98895,123480,171419,153699,83423,119837,117725,270399,106069,409,464838,136287,14265,31,43,159581,2163968,146832,1861655,419927,2.06,0.65,-16.8,10.27,7.61,2.55,31.81,46.24,18.84,375505,4.29,104403,61910,4242,122012,338866,376770
12/24/2017,Sales,377012,258654,116980,203795,60249,36028,42339,135579,109209,55824,186039,52978,85223,103,85,194524,100555,213586,2544542,1744209,2.3,2.97,-5.12,-16.47,-5.45,2.45,61.49,37.01,35.05,17347,5.87,54067,20432,2748,31025,242312,486521
11/19/2022,Finance,285185,479910,25402,137243,56839,29999,34790,202854,255962,5919,990421,154306,162140,103,47,115311,2728527,3322270,2883402,508233,2.34,3.3,6.8,22.35,-2.8,12.26,18.37,14.41,25.14,194503,3.76,117615,143220,2516,54566,805831,315290
8/10/2015,Finance,94437,283311,72330,175577,131372,39087,11392,342160,270181,93636,474800,169672,87848,114,20,203060,440432,3139999,55573,395497,1.89,2.87,28.12,-4.87,5.44,10.92,60.73,32.5,15.35,407318,9.73,173730,229988,4563,125395,356698,232261
7/6/2018,Operations,143030,137155,60514,41555,128849,83248,112359,274976,20827,49426,184952,58541,25827,23,14,233429,658009,1150732,1709156,325745,2.79,1.09,-21.57,0.64,24.38,1.84,21.92,17.22,31.09,205409,5.87,70318,299384,1528,131466,347093,22762
10/28/2019,HR,123879,457820,89685,146889,22382,15120,44278,265346,38861,84123,895832,5837,101228,75,15,165926,2984704,126062,585187,1317338,2.65,0.9,-10.28,31.04,-7.29,13.27,61.17,16.88,20.87,127630,6.81,61292,76070,1144,37533,168886,255494
1/16/2022,Marketing,213093,483387,118573,231481,108920,120328,83607,212035,258439,71496,238233,122244,62004,114,65,42457,1448987,687932,1614182,1176098,2.36,0.84,-22.29,47.65,-5.19,3.7,39.27,13.92,5.69,460440,9.36,89129,82608,1926,90433,531421,41538
7/19/2018,Operations,375691,473753,56414,91053,24014,195942,-8748,31108,85507,38536,556882,34642,16601,29,14,-2519,4497696,2841430,1748436,1482708,0.39,2.87,-3.77,9.17,-4.88,10.64,64.8,33.39,13.54,116225,3.81,100791,261824,4721,76816,956790,371173
7/20/2021,IT,182582,475807,97141,82823,129921,112389,12124,249329,201015,20636,669736,161388,195642,104,56,-48142,3750885,2306614,2007404,1432267,1.18,2.87,3.62,10.05,23.22,-4.18,26.0,33.11,39.44,57216,3.04,55613,197021,299,96772,631300,408183
1/16/2015,HR,314708,156592,56205,114794,11860,171851,53756,303855,269497,84949,15198,149568,73201,28,69,240582,1541180,2203795,140070,809296,1.84,1.83,-20.43,39.08,13.8,5.34,35.13,21.92,35.25,128180,1.28,46950,82460,134,129386,976823,379348
5/6/2015,IT,443556,102742,114804,114573,38834,74274,68695,371730,94983,-46107,867467,67166,36313,31,107,217545,1654258,3940422,2088460,441671,2.3,0.6,-15.63,0.44,21.0,-0.77,54.27,44.4,37.9,315459,1.03,113462,151763,1965,138659,368583,450132
8/21/2018,Finance,269300,213391,83182,25528,34049,13613,27539,322726,281405,18315,701402,191030,132854,10,49,-60406,3910893,785089,180562,1660493,1.39,1.2,17.52,3.25,18.16,14.22,49.86,24.14,28.41,463725,5.84,112441,111287,3202,55098,132674,439970
5/16/2020,Finance,246109,142019,70753,157239,114377,46342,24198,294013,242671,-13272,422493,92445,141440,43,45,384,4122878,3879465,507619,1138918,0.35,0.97,16.39,6.76,5.54,-2.21,67.46,33.89,11.02,423102,1.65,130466,102440,365,82943,692766,497604
4/9/2017,Marketing,423565,254249,139058,158428,108452,14309,56529,120238,295722,-48227,861224,24042,159538,83,28,-59529,4576982,2263099,2336612,1787431,0.72,1.64,-2.78,-11.9,3.35,0.16,47.41,24.98,20.79,294406,8.06,40167,96257,2615,62382,123169,197673
12/8/2015,Finance,128235,216059,65349,135410,125580,6015,-16356,188674,177489,-7471,584777,96774,143441,51,50,107477,1626140,3190018,1932896,670657,0.93,2.65,10.28,0.47,3.55,8.47,48.78,18.75,23.32,386853,6.56,56613,16570,3499,49149,183335,213420
9/29/2023,Operations,216805,435902,83876,125311,101240,182506,97386,204204,90143,14452,676517,143397,82781,87,113,15787,4183280,3891068,1804939,1520892,1.36,2.24,29.65,-19.72,3.29,5.36,27.02,38.95,9.85,126737,3.58,161398,155641,201,94436,439861,463590
5/6/2016,Sales,140522,458974,142260,262726,28746,18283,77660,173465,73555,-38899,125527,84912,84750,12,78,216416,4409245,113799,374413,431368,1.73,3.04,10.87,-15.59,24.9,8.13,10.88,38.9,27.63,13332,4.53,77776,299343,1378,54044,932319,431462
10/8/2017,IT,407463,350852,116738,12489,41490,153409,89308,64183,198893,95849,64689,191438,128591,54,35,169165,4801554,954302,2751406,515132,2.23,0.64,13.86,19.66,4.99,-0.4,19.52,9.49,12.2,271345,4.33,134470,296585,2522,150830,590042,185449
1/28/2019,Marketing,452504,326414,115340,18303,54758,137468,144108,74746,33425,96197,767897,162512,117936,88,38,36988,3186031,3023473,1753118,1494088,2.92,1.1,14.18,37.27,-5.54,-1.95,21.18,8.73,13.72,49843,9.12,199050,28080,2484,38860,854699,325816
12/9/2021,Finance,367679,109307,26394,39759,13831,75487,122603,364588,124494,851,325994,87524,80371,48,58,-25058,4759846,3186332,1104547,319709,0.67,3.16,-23.47,47.38,13.17,4.07,16.48,28.5,21.04,352385,6.07,20944,74821,321,192583,569783,297087
11/30/2021,IT,136785,494627,92513,219270,67815,81977,131685,265814,97792,50033,525801,83695,149082,102,48,13274,2661439,3004294,1912213,1350053,2.36,1.37,27.34,18.6,22.66,16.33,11.31,46.74,33.69,217970,2.93,117681,105344,1762,198707,846354,20230
11/23/2023,Sales,87250,294139,21731,194225,139292,101326,140149,246856,293890,91216,900687,11924,13584,93,10,224953,4528638,3794392,1205539,1193539,1.96,2.96,-18.97,-18.9,1.81,8.92,67.39,38.93,16.26,365345,7.04,76151,134506,3868,54271,513679,473629
6/24/2015,Sales,362087,168094,77717,298660,109044,166016,21463,396165,148902,-15530,752839,24528,79457,111,92,226020,1269347,2075152,2579508,1297815,2.52,1.59,17.57,3.31,22.5,10.16,35.55,24.75,28.45,470013,5.34,155673,105988,2959,128578,937570,382941
8/21/2019,Operations,183048,535363,112295,55071,54640,97089,23472,156707,60026,32343,614812,137232,102397,101,13,126303,564245,2766209,782445,1737254,0.21,2.78,-22.89,30.45,23.82,11.43,75.72,34.26,24.21,34042,1.72,140521,99046,2247,178517,158918,300042
1/28/2015,IT,202142,499523,160358,178570,93942,14214,48124,264333,73568,-25516,268575,129612,25022,39,96,285041,1563320,3043693,2625455,1452825,1.67,1.62,1.07,36.57,-5.73,2.68,25.74,36.42,17.22,155255,4.05,174021,262761,620,133460,858033,114991
10/10/2019,Operations,490374,90017,158862,247269,42506,34885,54956,87497,179170,7167,693780,82089,42140,114,114,258300,1329407,3091190,301075,1597065,0.26,2.43,3.58,20.38,0.45,12.54,78.77,48.35,31.98,393691,3.43,35558,210664,2850,28539,653885,421876
5/30/2022,Operations,133178,334459,102277,99732,39275,198279,108752,348420,118141,11149,317251,8494,138672,21,55,-8913,2599964,1581138,1703046,515083,1.39,1.93,24.88,-18.05,17.49,11.79,30.93,22.65,19.44,187602,3.09,135365,289390,3527,131603,216721,474943
9/21/2015,Marketing,276543,494635,50473,236139,5755,181708,5521,49977,176062,4050,580947,109030,51846,91,67,-38875,3850969,2643796,2185630,1483617,1.03,2.57,12.3,-6.97,-3.26,13.86,20.91,16.65,20.13,439613,4.03,28141,182814,3766,172403,298044,147878
7/21/2016,Marketing,379638,459619,97958,128357,117220,60600,40038,283554,283576,82335,898127,98819,165634,12,101,153849,2567844,3845204,1620675,1032537,2.2,2.79,26.29,42.59,14.09,-4.16,69.55,31.84,24.6,303760,8.35,150813,29590,4630,193527,915312,314922
5/6/2019,IT,215096,401285,68105,217115,114324,167457,35059,37713,38092,64520,871098,115390,99234,27,11,172812,2822241,2789739,368912,1428607,2.13,2.32,-11.38,39.5,-3.11,6.99,52.77,45.38,25.14,374654,1.02,23426,170296,2688,137136,174310,305611
12/22/2016,Sales,213032,463110,106108,36736,87442,11821,91260,99826,191442,69635,52818,40891,5347,73,25,115503,2981461,3899666,2809852,938349,2.18,1.76,-0.23,21.16,-6.93,4.41,65.31,17.7,24.66,437469,1.47,13067,227709,817,131767,634596,31424
5/7/2020,Operations,103001,441477,23733,83817,29552,27969,75111,92637,128977,-27687,885804,103441,21942,101,90,177314,4400321,3098805,115060,1376961,0.13,2.28,-15.96,-6.12,18.6,3.64,19.47,28.74,16.63,31593,8.79,61039,83007,3777,184812,529702,300502
5/22/2020,HR,248969,278025,114129,137382,132368,87305,-3010,279602,162448,51163,643736,95256,107007,119,25,109937,4166809,1460049,1284639,833374,2.6,2.35,-0.45,-19.94,22.16,17.77,24.4,25.79,36.25,318827,8.03,137777,51780,4532,184181,468576,277390
7/4/2019,Marketing,245421,214464,144896,176868,128982,48811,61603,103120,209567,-8452,539527,45074,64447,101,48,-33225,1890484,826759,54095,1250355,2.67,2.57,0.89,-18.54,23.8,15.71,31.69,22.44,26.71,96673,6.4,31165,43656,4195,152964,411009,464520
8/12/2016,Sales,249077,200942,69007,192319,77867,165045,105485,214510,93240,-45758,432826,198522,116130,31,91,102494,3329948,3481682,1812868,1882129,1.34,1.09,-2.89,24.55,15.84,-4.83,42.42,18.97,29.55,374550,6.36,159862,231463,781,195522,502293,483297
5/20/2016,Marketing,200043,72607,136375,56276,5280,85901,112266,373140,64728,23761,744429,135834,23163,98,38,225328,2008892,1682957,2672948,1060038,1.3,0.91,-1.68,19.26,19.71,8.63,38.13,34.05,29.38,399245,7.19,128947,46072,4190,168173,704882,31406
7/21/2018,Finance,399732,373126,162367,186808,49601,51400,38897,190588,291731,-24563,18081,57374,68478,27,84,-4721,724101,615355,2778409,1557079,0.34,3.18,28.59,-3.44,9.29,4.92,10.2,5.88,23.84,81552,8.34,177443,59585,855,99448,50166,419868
12/23/2019,Sales,141867,395019,160336,240182,85576,104486,149706,212474,91888,75759,340758,175368,37564,32,106,2774,2632630,352295,1447061,315161,0.64,1.59,-22.4,23.17,17.54,1.48,64.28,11.73,15.11,206897,5.57,101038,276879,665,166325,70875,318080
9/13/2018,Sales,202814,288777,24467,37263,10048,172757,-19943,372896,43567,54718,106208,135129,72455,54,27,99872,4117286,1647932,1573650,1816559,1.95,2.9,14.9,13.83,7.99,17.59,35.37,18.74,26.9,160394,4.58,63838,229887,55,38107,91516,143648
7/4/2023,Finance,423596,196302,141250,38640,85238,128922,84949,150990,159063,45199,503034,121165,115848,19,43,200188,4420362,1566519,1943855,1878355,0.46,3.47,12.87,25.39,20.01,11.76,44.42,29.12,24.58,72920,9.95,194340,102910,1365,170746,306132,63425
11/16/2021,Operations,473861,202525,45954,231971,18869,59157,27015,292368,244969,-41278,524624,99913,104335,95,16,-82305,3873536,127903,2103521,1809954,2.88,3.05,1.7,3.65,0.54,0.3,48.28,39.32,7.53,226425,8.38,43501,84501,515,153542,143142,412786
10/3/2018,Sales,440654,263505,70194,240144,35022,20616,80493,90751,189990,3691,832382,122355,104365,113,27,51306,3846708,2923339,466782,1466406,2.98,0.77,-24.99,30.25,-5.34,5.18,11.56,20.22,14.51,256307,9.62,175436,155322,3929,147524,935702,427407
4/19/2016,Marketing,333148,350558,53575,25179,142290,190013,96796,107293,240779,6563,457444,169126,183408,110,46,16840,380583,1701592,2671838,1613401,0.69,2.06,-4.6,38.59,12.14,19.85,25.64,29.59,22.4,145647,4.69,82074,278898,4828,109148,731422,470725
4/10/2022,IT,135905,211962,181047,198259,121756,94642,41366,152062,298720,35822,483907,108196,24486,81,102,-21788,4849317,1436050,838055,344566,2.11,2.06,24.7,-12.52,-0.56,10.91,18.48,8.75,37.13,31306,5.45,183889,82582,250,31790,927386,303312
7/21/2021,Finance,287665,166948,149506,36117,9875,115065,-14712,245975,157486,17832,622467,57075,151398,95,109,217960,982495,1624233,1472610,1281166,0.83,2.86,21.32,-14.32,2.38,8.83,10.54,29.14,29.25,423236,2.99,71156,56650,3137,68116,593820,23104
7/6/2017,Marketing,73838,211563,77499,294187,19257,64923,25193,295793,69776,65764,687385,48578,62210,98,105,169291,1882619,1652702,154022,299750,1.14,0.52,23.97,18.27,-5.9,3.97,37.59,24.65,8.61,167988,8.27,123245,143657,1015,45925,235191,322376
1/13/2019,Operations,278114,363401,172503,127910,38628,95716,95421,392216,90846,-14055,810798,173409,100334,83,88,61774,3116243,2848294,2338334,1757148,2.31,1.74,-19.13,-8.14,1.99,9.12,15.05,28.24,19.27,109012,7.38,70253,90777,4923,90405,613993,121696
2/24/2020,Finance,115502,507848,136431,40447,53231,124977,110911,360036,79903,-405,421998,13208,97344,85,104,242504,1344616,1924100,612285,1933336,0.34,1.21,-15.8,-18.11,-0.46,10.99,22.67,37.31,10.05,352044,9.34,145078,292732,1213,61103,329282,67233
8/31/2018,Finance,275871,523379,46187,20406,109708,105446,69010,63384,70091,78936,122750,188468,64460,109,26,-9771,1534117,2437783,1256782,1098495,1.31,0.96,9.06,-4.85,8.78,12.0,72.98,46.36,6.19,36978,4.06,145631,242853,2670,37236,963598,67503
11/12/2020,Marketing,68547,213736,71521,284903,6606,15375,113650,153989,149031,41898,330240,79999,188277,38,85,-53609,2339343,3691842,1407854,1513534,1.43,1.22,-28.3,40.87,-5.93,1.48,63.79,9.85,17.39,190387,3.68,89597,90991,762,73602,67055,363532
4/26/2019,Operations,86973,494570,121280,271648,63265,41286,47710,110754,283757,-1042,213805,121433,168955,89,74,236172,3381651,3409876,112770,874458,0.73,1.28,1.19,18.05,6.49,4.51,74.14,47.72,22.75,318138,8.42,195028,251875,3241,22721,826183,67625
5/22/2017,HR,340414,360159,80815,175607,126177,51339,47408,52565,251930,-24754,151553,67380,92044,102,82,242303,3958258,3922282,2019096,1153787,2.26,0.77,-8.42,-7.41,13.55,8.91,49.9,25.57,26.22,431260,4.37,46822,213035,405,177646,474434,428586
1/3/2017,IT,259853,310621,107402,91002,114787,129603,130400,198321,88565,-28061,645249,117934,84740,82,10,271889,2623148,418294,1953225,1028654,2.42,1.26,24.43,38.3,11.82,19.89,65.57,36.83,32.5,334663,4.43,196190,282316,2752,136301,617373,128054
8/7/2020,Operations,497146,170966,171054,165874,70245,180874,143350,277536,255312,63084,744640,188216,182586,16,113,-78013,3650111,206407,108571,528844,0.54,2.94,-27.21,7.49,2.38,2.52,10.21,38.22,24.15,222262,1.23,54786,55753,4586,183039,59546,64569
8/1/2022,Sales,279841,174598,103225,35853,141530,51652,129253,252489,214400,-31520,948032,56242,173033,65,62,-3159,2794191,3946946,1740643,875609,0.76,2.05,-8.98,30.04,3.17,4.15,35.48,25.66,19.87,23354,5.97,101167,118896,3549,192051,990817,197431
8/26/2023,HR,320259,248944,179057,206542,128455,48095,106164,335359,80983,97211,318592,98013,66806,74,46,148212,3114215,1139921,2082528,1652330,0.37,2.32,15.42,20.87,22.86,10.33,70.76,31.53,30.92,72356,8.94,25879,221961,111,32141,536642,336411
3/14/2018,IT,149258,424418,128840,97428,32975,76457,113320,347850,163631,96152,487219,45932,177392,63,80,36674,3865606,806059,2917537,1179011,2.58,1.67,-26.93,-13.38,9.11,7.46,52.51,11.64,39.06,220611,4.92,87843,292008,3156,73622,907606,436871
9/2/2019,Operations,305956,158602,145510,65890,123165,184209,22264,166820,160863,4192,563370,140221,46395,101,70,281025,1212799,1115339,2070296,1938439,2.31,0.99,-10.04,-1.04,23.96,3.28,56.75,18.79,17.81,213364,1.84,89293,44429,3652,39700,689159,383101
11/17/2023,IT,308152,151182,96007,266893,42660,195220,120984,291880,153913,41960,581388,112357,36844,82,74,171094,4964543,1993273,1168676,1540988,1.71,2.13,-18.84,45.68,23.64,6.93,29.61,26.26,18.21,176719,2.26,56689,64714,668,162454,285410,272468
9/7/2019,Finance,127310,242340,84488,100897,57876,63209,10594,198704,211339,57525,394129,84929,189593,54,89,107643,2504013,3538520,947902,682133,2.99,2.56,-12.31,8.32,-8.51,5.52,27.23,34.53,23.05,254439,3.02,102666,59666,3026,21796,251510,262577
8/31/2023,Sales,230082,259978,142735,18123,81660,40301,7730,70018,24951,9109,149674,28356,33639,47,103,154578,2635882,318598,1352642,115455,0.87,3.47,25.16,33.66,-8.11,-1.23,76.51,23.9,22.2,400124,4.37,32267,198093,1846,172774,69374,305542
11/1/2023,Finance,261533,164650,152822,260257,148339,72177,-17813,77334,173240,-15343,966117,198881,180256,25,84,169540,2497960,3338240,246516,1133371,2.87,1.02,19.01,6.45,10.11,15.13,60.78,36.17,6.03,385704,2.91,194071,67066,2194,21168,32508,285546
10/24/2017,Finance,216682,324032,181104,288691,96477,198597,78833,160722,120113,74537,907578,71229,78833,45,21,165797,2270431,3117435,2107380,283542,1.83,3.03,-6.33,30.79,13.58,14.81,28.06,40.45,24.6,371362,6.66,48086,95789,3695,136211,144961,68819
9/29/2016,HR,403150,322240,111269,263795,63809,47851,86205,171134,273753,93258,814944,84875,6091,110,82,17693,4564360,1847089,2573519,808890,2.43,2.14,-2.77,-17.63,24.64,5.82,43.1,21.77,26.04,335441,6.74,30259,223751,4861,81850,87177,34806
8/30/2015,Operations,480055,253740,148556,262174,34928,136776,45416,307374,154207,86217,182313,140539,131206,80,75,46382,3707309,3878209,2555724,1283595,1.89,1.87,8.3,-6.2,15.47,15.0,12.5,27.84,14.85,266728,6.09,128772,33740,592,131472,178555,419346
12/25/2019,HR,471588,275264,159433,108460,130932,141222,129140,389403,81547,87637,475618,167438,198822,42,80,239774,4197705,2399798,2127937,795854,0.19,2.33,8.41,39.01,1.36,1.58,74.23,39.3,6.02,256456,1.33,81044,276023,782,50551,47998,241211
11/15/2017,IT,469669,482940,44142,190206,20936,23148,12762,354968,233787,41012,199568,44847,173987,119,54,36632,4700652,664158,2080400,864788,0.22,1.08,-1.24,-14.72,8.54,3.29,57.1,11.75,5.12,358101,4.25,147046,276733,2636,173949,39364,167595
10/21/2018,HR,287019,100348,51584,192401,147882,153753,14557,283430,156110,29388,638715,177752,57559,34,94,-22996,979840,1838366,1358784,757618,2.72,0.51,26.68,-14.96,18.33,-4.38,25.69,31.36,19.23,341802,9.89,73516,204614,2360,142344,127299,171890
8/29/2019,HR,459263,398025,167254,49346,95352,117764,123903,258735,296098,12001,246580,116605,108378,88,78,174122,4131247,648215,1236712,1527833,1.6,3.11,-25.58,28.04,6.89,1.81,23.64,34.75,11.48,201352,4.29,80267,38022,4081,151460,853369,62315
1/4/2018,Marketing,217225,70304,96333,211447,67840,108802,73892,182201,118792,85342,666212,7255,85931,36,117,213902,263042,820368,2096296,1254717,1.05,0.59,26.13,44.59,-5.45,11.29,13.42,33.1,10.02,395152,3.6,34764,250239,1914,25622,813449,233745
5/26/2024,Finance,370591,248191,191438,70263,73139,38447,88192,91979,160838,11814,195607,30506,107252,67,54,39364,1730514,839941,2796612,1200278,1.4,1.81,-19.07,23.17,5.47,6.56,64.92,13.18,32.3,383619,8.24,175295,99186,2879,70419,188969,238965
7/25/2017,Finance,330291,253520,94255,280346,96928,16291,118291,134031,99981,84850,738647,79074,74545,76,97,232969,520746,2716862,890782,1155791,1.72,1.67,13.79,3.12,-2.53,-0.12,37.28,44.45,38.77,107300,5.1,193956,135735,3231,88706,378504,495241
1/8/2018,IT,171043,327383,45542,168826,75730,151985,16428,308740,226940,-46443,887963,165441,186375,10,101,203638,601680,798981,1812094,106098,1.44,0.8,-28.44,-5.74,11.08,1.94,68.74,33.04,14.83,94287,7.59,100423,115045,4750,58744,770900,350532
2/4/2015,Finance,70229,549007,96896,66754,65250,194064,116918,63016,242702,328,812419,188028,80977,114,29,232744,1186477,3629329,66146,865397,1.33,2.34,29.73,39.03,15.8,6.91,72.38,35.17,25.71,19424,2.25,88965,299524,4692,79330,121970,105849
6/7/2022,Finance,82914,541159,100317,212422,96608,159369,90274,283401,275636,15624,148648,102447,197686,50,52,252833,759822,2664983,1579417,1701223,2.3,2.15,-28.99,-16.46,14.3,3.11,64.83,35.67,27.6,318126,5.27,139619,201857,1068,173761,33138,498283
11/28/2019,Sales,420612,234901,110811,51888,133724,154384,88336,110981,159952,66499,169171,64730,117874,16,40,-50331,3456625,1813279,1578326,371840,1.58,0.51,2.95,3.81,12.93,9.86,77.7,28.38,30.42,43328,1.89,130381,212647,465,181903,166467,223567
5/23/2016,IT,281755,547985,146877,61067,87163,125377,71326,45162,191735,1311,406642,19313,192078,79,90,23308,2222764,3210619,609202,158286,2.66,0.92,-3.35,-1.66,-1.58,19.29,61.32,33.05,38.91,343467,5.72,17415,106207,2781,104974,303238,300344
1/18/2022,IT,478448,102398,122876,270406,59163,95680,18717,47276,223362,64455,477763,108807,156060,36,116,174764,1226662,2494499,2518654,1903314,2.72,2.12,20.71,-11.94,24.34,9.49,43.62,17.03,30.12,227336,5.47,133594,132149,391,142197,826971,85449
8/5/2024,Operations,408262,395417,44635,295074,23727,173741,108548,346513,154285,-33688,933283,196764,21161,107,41,155074,1883126,3479614,2106037,743220,0.21,0.54,-19.07,14.33,13.2,6.21,12.92,36.28,8.56,323564,5.56,57767,291594,1491,36551,113044,132408
5/21/2021,Finance,80884,517200,86207,125841,89145,90685,12761,366780,46559,65231,906686,179249,73384,35,96,289446,3955012,252844,2038945,715174,1.77,1.17,1.9,-3.04,13.39,16.54,25.82,31.71,28.37,244279,4.44,125737,129048,114,29003,193140,208680
8/22/2021,Finance,388871,289580,73175,32283,22149,112040,103545,64053,200777,-30455,378889,131528,133691,63,90,72998,4221374,626291,2442995,1221740,1.16,1.79,27.65,12.04,6.16,-1.44,25.5,8.12,28.62,288194,2.49,157682,53860,120,109838,592185,428507
12/6/2019,HR,128948,491182,94244,16142,109450,89145,41223,290767,295797,-43293,319019,24057,32844,118,29,172142,2610452,2329759,1394935,1973737,0.64,1.04,-17.76,39.97,-8.68,18.45,16.7,10.37,14.49,459849,2.8,81962,22209,3974,109550,216881,302623
6/23/2024,Finance,98008,382171,66504,236463,128309,178255,137459,385947,192381,11840,377533,119719,143678,51,39,168374,4499472,569527,2068271,1153126,2.34,0.52,-24.35,41.66,1.28,-2.11,19.17,6.04,16.17,420244,6.95,114283,275122,2936,133925,627473,325391
2/13/2022,HR,380585,367722,60591,167941,99712,98933,132360,290588,65368,-38582,348308,18235,36258,87,82,132195,4514189,1332681,415541,736585,2.21,2.45,-0.93,30.63,18.65,-4.87,34.4,33.08,12.25,445690,2.58,128771,215214,3332,106959,28823,329906
9/26/2018,IT,489319,305545,111371,41382,63179,83737,113405,75868,156597,-33755,346223,24718,29009,69,88,-40632,4908436,1648999,2531450,527406,1.98,3.13,16.86,-18.33,-9.43,11.93,37.39,28.38,34.91,85174,8.23,38359,283278,1801,94908,560526,312640
6/9/2024,Sales,244175,191302,110091,278888,109340,79222,83840,233063,236302,11138,985630,143967,169419,80,65,162553,3486377,3275001,1154602,1113030,2.54,1.63,-0.65,20.69,10.48,15.14,29.36,15.46,23.2,216066,4.54,86117,116456,1754,199003,381124,331211
4/30/2022,Finance,205543,222712,139713,297082,17551,120031,35586,363300,245470,-21699,370971,162673,161570,30,46,270437,2874622,278201,461750,1119822,2.59,3.46,28.16,46.53,22.09,18.84,37.57,31.22,34.5,135353,8.5,92148,5395,1231,197521,356052,20100
7/23/2023,IT,261482,479817,159483,220272,34640,141533,89342,377611,73841,-42411,39529,11553,54936,69,56,280698,2185864,1767540,2057846,119252,1.93,2.63,4.78,8.86,-3.84,0.96,76.18,11.36,6.32,450545,7.83,53909,172908,1850,192351,600610,444741
9/9/2024,IT,66033,190510,102143,236866,89462,33312,15846,326101,50007,80006,52622,56413,8806,77,90,84524,2707818,3433500,714827,1436395,2.59,2.55,-12.06,11.27,22.06,16.28,10.41,38.18,19.59,368786,9.39,181478,248336,3466,139804,522457,24470
12/11/2020,Finance,196886,358794,20022,205475,140061,49416,-5769,36486,47416,-14259,112854,74532,15703,39,55,206207,3512004,2912666,2813647,1498036,2.44,2.25,2.9,40.23,17.02,18.8,36.87,12.71,30.07,198305,5.12,77397,195571,2720,198146,65652,432940
7/14/2017,Marketing,83121,118506,184774,84624,16336,111458,53070,117898,237957,-39052,752373,15310,96849,43,116,95607,2272758,3934424,1150947,1495182,0.59,1.49,-23.44,42.15,22.17,13.01,44.13,43.59,19.74,421794,5.89,20970,296977,3381,80362,81666,21030
5/15/2017,HR,140210,340533,121568,173994,75350,43592,108195,325152,98648,17605,877364,39744,162798,44,92,-60898,1688528,3582264,2717352,103983,2.94,0.59,27.01,22.41,-9.54,12.73,36.46,6.72,32.63,145444,3.89,137146,274858,3325,124671,976563,462642
7/21/2019,Finance,202219,355440,170537,124031,123963,43125,78776,184927,282240,24380,766156,136154,83148,46,41,167442,1046007,2092643,769141,31762,2.07,3.35,-8.69,14.08,-9.68,-3.81,28.36,42.63,20.84,283618,8.4,199338,225922,229,30317,177159,191587
9/20/2017,IT,436134,158298,23434,103198,9862,83035,91897,358886,137328,92140,88004,186651,148791,16,99,-95023,2856456,2095561,1117881,480446,2.11,0.66,9.29,36.92,12.5,15.87,44.25,38.06,5.62,348392,5.76,182128,191074,4701,61278,426063,86384
2/28/2021,Finance,451830,351328,103493,222062,146945,27479,-17853,395727,272603,61758,632308,85749,191012,57,60,110085,4267429,1924130,212456,53443,0.98,2.84,10.65,26.34,12.69,19.0,35.17,20.53,30.28,54591,1.23,135595,42541,3191,107636,64598,384022
9/20/2022,Sales,96700,127266,147211,47612,49768,124225,45366,106589,257164,-27449,726356,65864,91041,51,83,124708,3981472,1066522,1906874,938368,2.47,1.02,-25.16,18.33,-3.87,15.48,76.08,46.87,5.18,16340,7.3,171219,228934,2900,32728,756261,283683
3/6/2022,Finance,325424,548523,61498,221188,90864,109849,115994,65774,189368,-32695,997255,159164,21760,18,16,-25656,2544761,1642455,2436861,1825896,2.06,1.15,-18.26,-10.87,17.95,12.31,53.76,19.68,7.04,87975,2.63,153812,299821,1191,68279,496055,470767
1/15/2022,HR,412950,427065,75812,20200,21676,98664,86726,109454,283275,-22651,871518,90041,71348,119,114,217778,2838764,3707136,2712567,1866112,2.05,2.51,27.13,14.42,-4.21,-2.9,66.97,11.74,38.36,353411,9.66,172074,165790,3159,142513,383508,180908
7/28/2015,Finance,378016,518349,99003,41831,137735,101625,87291,169231,43848,69000,13351,92969,178173,39,60,-81257,484513,2967369,2103001,1040413,0.81,2.83,-10.94,-11.36,24.2,12.91,12.32,17.19,21.55,184178,3.43,121731,110777,3929,162234,271886,215089
3/30/2021,HR,341969,181555,123924,110805,69007,197482,126087,228373,74975,-13370,55481,79781,38465,28,68,152984,4702117,981540,1736024,1589858,2.35,2.3,-24.12,22.31,18.86,18.23,40.2,38.74,9.18,409049,2.49,72713,69444,4169,62940,264024,436814
12/23/2016,HR,100810,398579,138820,248513,148665,37385,72994,233344,178902,88512,74414,185245,199696,88,112,119377,2968481,3686259,1359147,1296190,1.7,2.73,-29.34,30.59,6.81,10.84,10.92,11.17,9.99,289653,5.76,123240,25382,146,37124,549601,67578
7/19/2023,Marketing,429110,71123,193920,259256,119497,181319,55015,396120,20062,99980,619480,179791,159916,34,46,29086,1403452,3813043,1623818,155474,1.87,3.19,-27.9,21.81,16.02,-2.06,71.85,33.2,33.6,64692,8.05,64584,254005,3585,172188,719643,162581
7/31/2020,Sales,322279,295417,176563,164918,84574,77747,141705,390184,159752,65254,460938,53400,109292,72,106,170659,1338938,1243748,142402,1131822,0.9,1.23,-15.14,1.1,1.41,16.03,10.69,13.39,15.63,342864,2.6,15067,16136,2737,131951,158330,153492
5/24/2017,Marketing,96642,315489,156397,265016,139176,59771,959,192672,274786,85201,596642,90155,71243,43,46,101215,4520984,2914027,1374900,1222424,1.11,3.03,25.17,-0.99,23.01,13.63,42.93,22.11,17.14,336531,3.42,133249,294417,2737,166506,175215,248398
1/29/2017,Operations,317016,436032,170418,194287,41065,14164,110926,84729,228527,30660,478374,39093,165282,42,109,180490,4723231,517079,2468114,901862,1.17,2.7,24.45,9.89,-6.51,12.91,29.96,22.33,21.13,408128,1.01,39492,229039,1741,71271,430563,127265
5/6/2021,HR,102711,423260,89968,274227,14400,161013,-2816,362633,184043,43639,658481,195134,140108,88,40,75204,4892723,2522748,2342716,1251072,2.7,1.46,2.55,29.44,22.59,12.13,22.63,34.93,20.24,494993,3.41,188294,208117,3247,91106,207044,490930
3/8/2023,Finance,151558,307957,104067,297276,39941,21743,-7084,32757,100040,93252,417198,5570,121681,46,89,221798,2249384,3697950,1109860,27562,2.51,0.98,16.97,12.92,24.05,-3.22,14.48,21.1,12.57,336445,3.63,36732,239525,3285,105903,535270,380970
10/8/2021,Marketing,159135,377821,45658,20279,107877,150855,144750,306696,230877,31043,51429,91490,50489,48,69,238347,3620614,2354286,1664914,82581,0.29,2.79,-29.38,-8.76,15.01,-4.4,61.73,8.71,15.08,64119,3.08,90511,141020,3752,134867,438456,89123
2/22/2024,IT,259194,380553,67180,228628,88365,190060,100674,184174,222975,78127,178997,156721,182194,36,107,-23878,4440381,691680,606484,883339,1.19,1.18,16.32,0.94,13.17,12.33,76.44,13.88,13.45,285578,9.87,139609,157328,2584,62188,527330,130537
2/21/2017,IT,489286,196141,94655,45956,134052,122318,96512,296096,252947,-7965,243956,36002,177411,99,44,6509,4919264,2563717,193326,541675,1.87,0.63,-23.39,33.29,-0.87,14.27,75.54,14.31,22.21,86820,5.42,149368,202850,2088,71563,105336,16490
5/18/2019,Operations,187141,489525,66493,138581,79574,88388,105112,222060,230034,65106,178968,135226,195340,81,88,131998,656878,113628,2351206,423487,0.66,3.46,6.93,44.63,-5.03,10.37,72.83,38.77,37.81,115551,7.52,154071,21553,2452,64344,292527,163407
6/9/2015,Marketing,68294,475251,48015,292025,128834,75416,26458,393709,60560,52244,168263,151039,179695,72,52,84934,134085,935372,1920184,1470842,2.87,3.49,12.05,21.88,11.09,16.94,13.34,48.13,5.54,469888,1.95,115038,64371,3641,114983,768365,112928
4/12/2019,HR,63182,376004,30605,117643,69360,71226,23963,57585,210854,92078,980574,39205,136053,67,18,21245,3775603,2688413,756689,1784338,2.0,0.76,5.71,12.95,3.82,12.5,48.09,23.09,14.16,161170,3.24,190072,35836,2747,186228,657440,274130
6/25/2023,HR,406827,446440,50165,274927,31696,195868,42162,363110,99093,37816,620662,113857,186073,66,88,234068,923870,581650,550630,1721764,0.56,3.44,-28.01,5.71,11.08,-4.9,47.0,48.21,17.57,496162,2.33,10258,211152,3159,156724,745835,330271
5/20/2020,Sales,459759,66827,194287,106819,122046,185693,-13855,224111,91443,79623,548665,119786,176004,83,72,72497,1162505,2043167,1275365,76322,0.88,2.72,-15.56,49.6,14.49,-2.04,52.93,5.44,31.97,89144,9.47,25541,110565,1813,157219,584849,138844
11/21/2021,Finance,90720,111512,63319,280410,10290,22600,144341,298255,30445,3846,938670,29963,147394,15,61,70730,4496718,2978355,2437302,89630,0.95,2.09,13.33,9.54,-0.38,0.27,41.9,16.15,20.37,187510,1.93,82624,68324,991,91581,719140,16404
7/30/2021,IT,455165,456263,178704,201341,58026,116060,105323,51770,134478,9114,372967,152370,75484,52,72,188660,524315,2642402,1989215,284108,1.79,1.35,4.84,36.12,-8.13,19.4,78.57,49.94,37.28,114892,7.98,65150,159332,1014,178097,91618,362121
7/30/2015,Finance,453509,85634,146242,99329,56786,85382,-6222,39541,128680,-546,880333,86101,117600,116,98,42303,3922267,3984791,1593971,540298,1.77,1.23,25.73,33.61,0.74,18.4,62.47,9.29,12.89,226052,3.95,116287,174157,253,170817,836799,363357
5/27/2017,Sales,430990,496811,114401,177829,77503,185055,108688,305386,228390,-15964,97837,56930,18057,111,82,182709,3739565,390842,1483766,1945964,0.21,3.33,4.4,42.77,0.99,4.77,63.62,38.54,39.54,46665,8.23,149764,103935,1820,98242,46983,360585
9/16/2016,Operations,194505,188478,143256,267271,55106,35343,140642,263800,169518,22954,940293,101465,9946,29,49,195607,1654398,2747107,503366,1285312,0.91,1.72,7.82,-15.03,4.26,18.99,16.62,49.42,22.92,21297,9.86,62333,184331,956,59502,346260,223991
2/20/2017,IT,418582,258302,70149,53175,143415,104017,110508,144755,267150,-19063,32129,167784,169029,48,40,-69608,2440075,217343,2603168,1100356,1.62,1.61,-12.6,12.89,-9.98,-1.96,10.91,9.83,6.65,268519,9.9,162673,12957,382,198342,113828,461398
10/2/2016,Finance,257062,484368,71971,103516,69156,88680,103262,388832,58100,82967,800551,9401,23199,113,13,212282,2644941,3752032,1752306,1002737,2.51,1.13,29.4,13.18,19.87,-1.07,23.8,20.95,36.55,487443,3.16,193895,204516,4275,130744,749735,338703
10/29/2022,Operations,487746,125536,181487,262919,10355,89939,-4277,345305,99439,-6897,968079,61538,67789,14,113,-53676,1235696,208255,2352825,1696692,2.2,1.74,17.42,-13.08,16.78,2.02,24.52,17.06,16.78,257622,4.48,45124,30385,1112,131217,208661,340790
12/28/2022,IT,211456,281915,176801,167168,104742,119115,67172,148303,39729,-18733,574385,171873,198540,31,106,187778,4782275,3850625,2002216,1412785,2.55,0.57,-11.39,3.92,-7.31,8.57,50.44,45.89,6.9,70229,9.02,95983,9809,4392,162428,571877,359729
9/16/2021,Finance,284763,243666,198046,60751,130184,119111,55161,133994,242382,99297,828310,11695,152720,31,20,64535,598798,623455,1677980,1467889,0.27,1.91,-9.03,41.47,2.89,14.63,61.44,6.3,6.72,396228,8.44,7763,121768,808,177815,193531,220835
11/24/2022,Finance,436498,174900,23564,138358,20786,97370,42741,290545,76065,-660,721673,101061,26429,23,98,-33834,1927073,650804,2430704,536469,2.7,1.51,7.13,-1.66,11.94,12.39,67.45,18.29,17.11,361398,7.48,148014,68029,134,147788,424466,31227
5/30/2024,Finance,328033,338938,101974,173305,68507,178468,12645,314512,260161,92102,125791,161269,63218,117,104,-274,2827852,3820034,1499167,34407,1.16,1.6,-7.18,0.42,1.3,7.46,48.1,17.57,16.43,167684,4.3,29743,20280,3237,94516,779353,408586
3/27/2018,Operations,477955,475705,160306,283976,125636,108952,102272,241479,46004,18534,541621,80314,195534,76,27,143498,4756530,1660086,2090164,1929026,0.33,1.13,-25.45,42.2,17.29,19.33,75.25,30.17,36.48,190636,8.91,165449,19591,1011,62469,301987,487612
9/20/2015,IT,331904,527032,109801,76753,20284,101591,53977,305042,292059,65191,968613,173660,97797,87,115,59179,3494831,1913492,2570134,31583,0.25,2.65,25.18,31.3,-2.29,15.66,26.69,20.02,17.28,279130,2.16,179948,226057,625,91114,244780,305259
3/22/2023,Finance,174624,446279,34962,48978,128522,148685,44174,362185,28452,-39473,741917,76963,8654,22,93,37565,298765,2209986,1070170,1864486,1.86,2.65,-4.83,-10.91,23.55,-0.79,49.07,17.36,5.71,303401,3.19,172734,291136,4970,32010,534094,156225
5/31/2016,Sales,279265,455945,192598,27538,89951,182320,-6031,212726,28290,69712,372439,18024,152358,47,101,196526,744252,834626,2046889,1620676,2.83,1.4,22.27,7.69,7.42,18.42,43.07,41.45,20.85,331621,7.91,183698,191610,1237,30112,333989,363798
10/19/2018,Marketing,189241,241614,89080,43834,61634,172060,64227,89887,77882,-12081,862009,58453,128292,69,88,278176,3030490,3163506,2269614,1120172,1.64,1.65,7.38,33.17,15.51,19.16,73.74,8.74,14.72,167199,4.01,50670,17872,512,64539,933634,157137
12/18/2024,Operations,392152,377253,47988,32954,68350,93108,137940,374004,142893,-20617,585955,98428,51699,106,15,253212,914131,968486,1425875,785580,1.9,1.28,1.82,22.58,8.69,-2.89,67.62,40.63,7.01,202023,3.68,116249,220255,3658,134423,609110,292646
10/11/2018,IT,341991,541186,38205,51810,80992,167820,37398,141824,191038,4754,414065,116935,169697,55,102,65732,3349586,3778236,2694322,52811,1.87,1.97,11.8,49.44,10.54,-1.72,21.19,42.21,21.47,423072,7.62,37389,43856,2257,110163,826378,446591
2/25/2024,IT,56365,204731,127804,74665,42960,129094,-17491,216385,199041,63118,610592,28217,144092,14,67,257179,1445027,3977813,2643305,1801117,0.4,1.71,-26.17,8.37,22.7,10.5,48.22,6.13,25.52,292391,2.51,185932,214736,2911,124352,182709,387607
1/20/2024,Sales,291257,365242,158050,81605,133742,99860,24206,196684,96975,8364,44322,182549,17463,25,16,132998,3448918,1306659,2538170,688155,2.1,2.45,-3.94,-6.32,12.79,17.09,69.86,7.87,9.84,21912,2.33,183142,47144,59,124920,84289,18601
8/15/2015,Sales,414276,99884,189535,81202,53415,8542,101815,235521,191620,33750,170068,166210,23743,104,36,-64066,322710,3839780,1558883,1382290,1.22,2.57,-10.08,46.14,-3.62,4.16,13.05,45.0,10.4,401454,6.27,59073,147180,4610,34196,974530,121508
1/28/2017,Operations,247060,215274,120616,269390,134378,89368,147984,326562,262998,98897,599962,151247,80915,13,26,-2259,1223383,2206811,949836,853938,2.7,3.47,-19.25,5.98,17.76,2.66,39.29,35.06,21.16,460395,9.27,156544,36748,905,174136,617164,213233
12/13/2018,Sales,52010,259801,33034,233524,41442,198030,44972,318952,79324,33938,522791,28045,18226,38,10,-47806,1951181,2708875,2662897,912604,1.51,2.01,9.54,20.29,-1.88,16.41,44.66,42.51,18.08,245575,8.89,194937,69032,2752,52067,174057,102862
1/15/2022,Finance,210690,467515,164218,99066,127469,50226,28990,378345,202270,-23733,238298,152603,167482,20,68,109239,1455133,920856,1247189,1213039,2.11,1.1,-13.32,26.43,-3.37,4.01,60.62,47.35,38.67,364560,6.07,101671,62583,4546,165990,673050,433136
10/21/2015,HR,383464,265785,113912,170209,22930,115500,130452,385988,48939,32206,478269,162834,155455,65,81,-56347,3317436,3933105,1685306,1453253,2.13,0.59,-18.89,-16.41,22.36,9.6,30.88,40.29,35.61,17932,9.08,167934,116996,3090,53684,928199,482711
2/25/2023,Sales,221734,160321,76544,20455,84405,191921,18451,346012,118956,79595,643459,136604,90588,85,92,128014,2137842,1643199,685283,631344,1.41,2.83,17.08,-12.57,12.52,13.52,17.4,40.94,12.64,117190,3.65,7676,261594,166,57766,470294,57376
9/26/2020,HR,410421,123093,138911,163180,94996,56782,-15877,295563,69203,58372,394101,41987,193391,88,86,159030,4782373,3931347,518987,1528552,2.68,3.36,3.79,35.27,5.59,5.93,14.11,18.82,26.73,470971,4.34,38345,61726,3121,87680,161865,426024
6/29/2023,IT,202215,292295,50118,127467,66828,177001,8978,44586,199647,12778,161037,101056,56953,73,46,188598,4756672,1278229,2181469,550837,2.2,1.11,4.93,22.1,4.64,-0.79,11.2,10.83,15.15,154591,5.41,10336,284695,4021,92050,240875,449614
11/11/2017,IT,193743,484800,115236,31063,85961,100327,-17966,234914,160814,58013,901682,83937,77076,56,90,-27611,4941876,2273526,2167507,962980,1.0,1.97,18.36,42.18,11.51,17.77,13.84,19.46,26.22,472642,3.82,25929,288427,4550,177701,499276,16366
6/7/2022,Sales,309737,478583,39819,299314,30512,148673,139285,40974,137684,42582,63021,100850,50023,107,68,23117,493518,1748743,1431311,1094276,0.35,1.93,-1.11,40.32,10.69,18.11,56.8,24.3,10.19,211277,4.4,11542,83679,3294,183187,846190,149932
6/26/2022,Marketing,59993,122498,110873,151809,76835,17053,26805,141352,115226,4770,64909,182575,89154,19,67,20524,1060831,3299580,186110,1962579,2.83,0.62,13.22,-1.49,14.21,10.97,38.9,17.5,10.71,33196,1.2,124769,113086,2929,78137,720184,344730
10/30/2017,Operations,158962,360591,103258,16780,113545,145082,77611,394950,270314,-340,570532,67987,127442,42,51,262128,812776,3598658,2873762,1164549,0.77,1.17,-5.93,40.86,18.95,0.57,32.44,48.34,39.92,412390,3.99,125987,178820,3104,168533,942737,401740
6/21/2019,Sales,55098,346203,77565,293740,139251,40339,58085,237852,143206,5253,380547,29794,116295,100,73,-17340,3121348,463618,1927526,853660,0.12,1.09,-18.0,3.03,15.24,3.69,43.91,46.43,36.95,58470,8.04,82426,184933,2552,145307,633410,469059
2/17/2024,Finance,450956,305892,84700,257447,114824,59937,101807,119244,60781,12381,475594,8033,177089,107,117,194218,4582195,2603059,2660707,1808179,0.82,1.3,16.98,-15.68,-4.6,7.1,64.09,27.25,6.5,234964,1.83,18682,200968,3443,147258,832768,172030
12/13/2020,Operations,89160,333375,120574,266265,24776,32936,36098,81838,211992,74538,855751,146515,30506,105,74,198726,3380041,1630635,1632882,1226382,2.64,1.98,-2.96,46.28,2.76,-0.91,21.37,10.76,39.48,64464,8.36,148738,210828,3561,179629,128916,482520
12/19/2023,Finance,79984,71480,159979,196174,82706,125136,72479,264177,137426,76704,191194,51674,58990,62,33,38462,2446693,2177007,535675,1675557,1.83,0.78,16.77,2.91,-8.12,-4.99,55.32,39.7,12.49,357004,5.29,122112,86439,3560,127286,925997,154779
9/12/2022,Sales,133854,162660,71330,134921,119009,187777,83206,139532,155960,-22218,839118,12185,24342,73,93,-65132,566781,2241969,1859391,1366906,1.4,2.27,-0.03,1.19,7.77,10.06,23.17,27.53,15.45,463483,3.93,158354,66889,2957,131175,38527,334087
5/6/2021,Sales,307594,160716,23529,279581,122154,19766,18778,96233,87520,52763,904581,43231,101550,82,84,-82411,2283734,1060472,612706,1794510,2.83,0.73,-21.72,37.62,21.55,15.25,65.72,29.33,21.11,77467,9.6,144338,115575,3981,122740,346906,253707
4/9/2022,HR,370234,178569,21325,127956,35220,147638,1985,389910,104534,23965,798179,116883,115974,97,29,50101,392972,1127568,2521613,459813,2.34,2.09,-11.0,13.62,5.54,8.38,70.01,43.9,7.72,366777,6.91,188946,60884,2724,65262,760610,96205
8/22/2016,HR,490418,251974,151942,23309,26277,40499,87870,251828,296289,50905,234204,8503,115098,77,96,-35358,4480821,712028,663841,1748036,1.76,1.32,10.09,49.79,-1.07,8.25,45.56,34.4,24.94,77555,9.9,70109,20634,1485,157217,197258,302991
5/3/2024,Operations,287538,115758,149644,249640,45184,152066,126273,393534,131549,11844,303615,164030,184859,60,11,-60431,4406269,1267771,2440830,665552,2.63,0.76,-1.17,-3.52,-2.25,2.51,62.25,44.22,10.23,249723,2.47,167855,101492,3908,73417,170437,231270
1/15/2023,IT,338996,489647,40708,91719,55628,43323,46286,132120,239678,46703,234705,56497,151987,91,49,264712,944417,3296806,1560829,1682082,0.61,1.88,-9.17,20.76,22.71,2.12,31.74,11.45,10.98,96918,1.42,87707,118541,1006,31262,171042,69656
4/24/2020,IT,451776,71767,71390,103803,133841,101150,114086,371991,80183,69175,711461,106892,80556,13,82,73272,4667312,2407240,304938,1346287,0.57,0.58,-27.77,-5.74,10.31,18.28,31.98,41.18,5.57,204016,3.4,137567,278837,2352,25573,252476,402901
7/23/2019,Marketing,202081,129900,175822,270826,14895,32766,-362,133872,260768,-40208,246379,36542,179994,55,52,-99574,3485243,2913270,2647592,197162,0.6,1.9,-21.19,-12.42,15.98,1.44,40.86,22.01,18.45,453439,3.83,189909,293444,531,79253,887660,137387
4/25/2016,IT,464118,410887,117753,97450,21851,100997,107719,48867,281477,87571,286943,196513,163161,36,23,96442,3511289,3127714,2908433,1238879,2.32,3.39,-18.03,38.55,12.17,13.55,72.35,16.45,37.67,323559,6.32,19989,220129,1366,116599,281747,295741
1/27/2021,HR,136845,189268,175155,278934,105077,147435,20706,188801,282106,51054,771085,107835,139815,117,102,33448,991984,1311456,409657,1172400,0.16,2.12,23.51,28.32,-9.67,-4.69,19.55,23.1,5.6,439736,8.97,60515,60924,4349,183831,755895,424268
11/29/2017,Finance,68105,400294,67522,64936,60642,98658,102582,101525,287200,-18078,457633,58305,110034,91,84,198791,795382,2621008,321799,1959379,1.11,2.33,-0.2,18.24,-3.78,-0.74,63.76,25.85,13.12,263932,8.49,103013,218176,3635,44309,65299,431822
10/4/2020,IT,206052,72336,20185,205304,127455,135872,-1216,270250,25578,76651,776382,66614,66815,48,109,270736,3716870,3282042,1485756,1923620,2.67,0.98,20.43,-7.23,23.01,7.6,49.47,29.09,13.16,196164,6.09,188840,51068,355,32799,394951,494050
12/29/2019,IT,254490,323435,131884,60537,129262,118141,-7096,256013,254249,19360,994202,114253,69526,33,86,166775,3498149,624406,2090893,1877988,2.08,1.88,5.07,9.17,8.12,19.04,49.57,8.09,34.46,307654,8.11,78482,33033,3563,54445,217950,333908
11/16/2022,Marketing,355760,93638,110534,253311,41251,65974,61521,36776,219603,72181,385293,119081,147345,72,49,146221,1495644,2074145,2742397,1361373,2.38,2.63,-4.45,41.43,21.48,11.09,37.48,46.1,26.07,322700,9.83,49368,116675,2111,121622,456236,17254
4/23/2018,Marketing,128814,520791,36057,295509,144830,12326,143626,59621,233676,59226,359960,43217,182347,102,86,166737,2545019,1140602,1195630,1477268,2.91,1.28,4.91,-7.39,14.18,14.26,53.16,44.27,37.47,159030,7.53,124341,233513,466,57779,953366,492613
11/11/2018,Operations,349134,230945,28500,70843,43321,106044,22293,200138,82635,-26411,459802,22982,113302,101,28,-79513,3772930,3516933,1786402,1117072,0.54,3.11,-19.18,-10.44,-1.6,5.7,57.19,47.47,20.21,290106,5.65,100359,179540,3577,110036,689449,491716
7/4/2022,Operations,144163,330214,125401,279580,135717,119502,113728,101224,146354,16767,762127,159247,86070,73,87,248749,2189565,860008,1387374,602892,2.67,1.66,5.78,14.46,23.54,-3.86,51.45,35.09,39.01,140020,5.4,37891,265888,3173,86184,123523,35860
6/2/2018,Operations,323655,319634,85036,120284,79017,190357,75849,61263,45746,-41965,816432,164646,164295,99,45,-69114,1633246,217859,1039243,1672579,2.3,3.01,-26.12,38.74,7.02,9.63,10.12,49.67,17.51,360054,7.09,164372,29694,2859,28266,135087,287191
1/10/2024,Finance,162551,314343,186047,98862,62480,105478,104543,388423,202604,10599,82917,24506,9017,98,78,291498,2627692,3055044,144261,1531717,2.3,3.01,6.51,-6.78,2.76,-0.32,23.43,11.46,24.91,148864,4.58,39939,286010,900,119158,123389,423491
5/1/2016,HR,428448,541041,141628,144179,95847,83008,3758,317933,118806,-42893,562090,17285,60215,34,31,-89269,4978794,2801559,2941611,286899,1.54,1.71,23.75,2.14,14.96,14.04,73.7,12.56,30.4,108903,6.55,148147,228662,3651,111672,610684,148965
6/15/2019,Marketing,472386,188952,118495,89033,59463,128134,-3674,52103,216646,51763,433127,21220,27657,42,62,27152,4271726,2862276,2033584,574862,2.36,1.44,18.2,23.22,0.07,-2.51,14.39,26.89,9.45,245980,6.41,34826,78855,3183,88273,49801,393483
1/24/2022,IT,123987,68370,166476,84816,81167,124963,99388,197152,270815,81795,907890,89535,96542,52,20,51197,3764155,3004667,1998176,159830,1.25,2.6,-2.25,3.04,5.03,17.31,75.19,28.59,22.44,299867,5.72,160910,196638,1803,133503,715326,40029
10/2/2020,HR,199324,301061,40753,232818,38477,5087,137549,231751,125106,-2022,162937,135477,30005,90,118,-61055,2505606,2089972,481692,896637,1.86,1.48,-5.03,45.45,10.97,4.44,74.7,17.69,6.97,458828,7.77,182098,109126,3899,151857,241483,403922
6/24/2019,Finance,487691,190021,197097,151230,33491,190602,55736,143214,102782,82970,112816,118427,85900,63,71,67777,4398115,2661002,573659,1318997,1.97,3.08,0.24,28.49,20.6,-4.53,24.95,5.63,12.56,285679,9.18,55422,127316,4587,120957,252055,336604
5/27/2016,Finance,334117,436178,108087,247763,32108,195202,94475,261017,52742,8416,623398,106559,122095,60,60,245413,1686852,1487239,1951152,998732,1.07,1.21,7.18,19.32,-8.11,4.83,67.4,22.53,11.12,79983,2.96,164828,155022,192,136066,653453,169380
3/25/2021,HR,121217,531088,144148,159931,50176,137547,30610,117710,109147,91961,623397,46393,165099,49,34,75805,1456846,3616095,1239751,1687229,2.47,1.71,-20.39,20.73,1.93,4.55,34.03,16.25,11.32,58133,7.95,123741,111319,2865,146406,155211,303582
10/28/2023,Finance,71475,133498,90164,143539,23162,34646,73326,260290,182709,59625,317572,147264,73853,48,93,198105,690329,105333,2239327,1948119,0.85,3.09,-22.04,38.36,5.43,13.8,13.27,41.35,19.49,54360,7.26,32345,31462,579,160772,784005,239908
1/15/2019,IT,386049,176282,75913,41898,141818,155062,41067,230327,105166,-23238,538296,99209,86670,74,106,211931,4142431,1418750,663583,862680,0.59,3.09,-7.19,7.21,5.54,11.8,45.58,18.16,16.87,437368,1.19,104079,91781,568,36771,609508,475860
10/28/2017,Marketing,479930,88635,196247,14798,71962,105574,106765,248869,195522,-16855,207534,181304,126225,113,22,143228,4240502,830219,154595,533756,1.32,1.62,10.66,28.26,-1.01,18.3,28.33,6.58,9.31,201263,1.6,155362,297585,3016,80488,913371,247441
1/15/2019,Finance,269454,327726,136335,274989,86469,145436,89228,169622,231841,44840,646481,18998,48704,35,70,69005,3306738,1400008,1026316,77024,1.61,1.5,13.77,1.08,0.3,11.24,66.36,42.73,38.95,209029,4.26,16133,215569,1141,22114,968371,422803
1/7/2023,Marketing,368981,70080,63355,47019,77526,74735,115047,44967,265640,87954,421144,58861,102297,55,37,92177,1600668,1154614,1713567,1299944,0.65,3.07,-0.41,-5.23,24.73,7.49,23.68,19.39,20.13,174043,3.96,88748,96129,4281,78846,801151,491443
1/21/2016,Finance,169375,90139,80241,167740,97573,71516,-10767,193476,286500,75357,896042,69417,49226,10,46,3684,4192251,1805259,1133607,870915,1.28,2.36,21.17,15.09,19.98,-3.39,59.5,39.3,35.53,185921,7.41,67914,241629,4076,23602,158630,373094
1/4/2021,IT,60429,281145,197419,133137,95156,158867,83957,268934,60280,66489,775297,185717,51662,20,48,106228,1537886,994313,562139,1060375,1.97,1.95,-4.16,17.23,-2.27,12.17,40.35,49.07,28.46,207942,9.55,163947,149384,1239,48068,186050,292109
4/8/2015,IT,494308,356099,24300,277026,116899,10388,41345,371997,28732,-31759,952457,136756,112427,107,104,176949,517706,1906702,2849884,853279,1.33,2.98,28.9,29.2,-6.06,10.62,57.17,11.04,25.12,359099,3.75,11887,291514,3863,150156,95362,363664
10/17/2023,Sales,319002,435728,78844,141399,114002,55406,122792,39105,30022,-18781,362971,179340,131302,72,68,1573,1397887,2084119,1258425,1898282,1.68,1.35,0.93,-5.52,6.19,0.45,68.05,19.74,21.91,110137,1.5,64544,141614,2707,59755,322066,46194
11/1/2019,HR,287816,529831,185774,262984,53965,96436,58136,160322,235398,-11463,811071,196169,27678,106,43,197281,3321327,3219419,2626827,355184,1.76,1.7,23.68,22.59,-1.41,6.86,27.92,12.58,7.06,442076,6.72,68724,263791,1195,51546,323131,73303
3/27/2016,Operations,289899,397573,97253,213410,60690,99265,66332,51665,79846,49395,686850,39130,7670,102,100,137599,2739418,1889927,1298821,1523253,0.42,3.45,22.68,14.89,19.18,17.44,55.35,6.17,37.44,302474,1.37,67033,237947,1357,138949,133465,385115
8/26/2016,Sales,271788,254822,199853,144196,51293,174904,21579,392690,126722,7125,63211,128262,133672,47,116,246056,2375015,2594441,1078140,899339,0.43,1.98,-21.96,33.36,23.72,6.72,77.73,28.01,29.54,233750,2.73,172444,191039,646,65276,643564,423771
9/29/2022,IT,129243,274130,79423,249949,122153,84016,149326,392671,141844,-9573,392041,6480,56613,106,52,20418,4866690,465140,959062,795964,1.97,2.25,26.55,11.36,-5.64,5.91,39.35,45.27,16.7,280456,5.85,181044,144334,3208,29818,760921,308661
12/9/2022,IT,423730,62320,99644,46496,105264,166173,80243,185166,126503,24468,673135,33758,195337,13,19,172517,4973487,281811,144437,1623372,1.62,1.54,-1.35,19.03,23.79,17.88,67.07,31.57,9.17,41501,5.24,139230,275429,3836,168060,854161,36005
8/16/2016,Sales,437047,66164,192891,185093,137233,96328,77371,120021,246877,21460,105249,179574,164121,103,32,159533,2185278,141491,980628,1351711,1.55,1.23,-26.1,-5.97,2.03,12.66,69.51,10.63,25.48,146190,4.13,74495,22959,4380,143722,676388,272447
12/30/2023,Operations,131279,395508,116256,105903,18502,174090,144471,338582,193531,54883,763609,58590,26971,75,88,139616,3658023,3886147,865438,1517213,2.51,0.91,-9.37,42.54,17.97,5.68,37.9,36.06,27.05,252826,5.26,192756,201260,1748,198417,19278,351866
5/30/2016,Marketing,55010,212507,148355,206043,18908,150975,7394,119057,102861,21264,327949,99676,15426,49,38,42299,4254733,1587057,571052,1566378,0.5,2.83,16.76,34.9,21.56,7.22,74.82,23.76,17.03,274939,9.81,137154,284029,2190,56365,720446,483894
6/28/2024,Operations,183421,349159,165225,60928,110242,137991,5457,267750,268617,32360,96808,108964,114137,76,24,121390,4626940,2472393,1012336,56792,2.14,3.16,-26.53,12.79,9.86,5.47,24.18,14.47,19.33,224499,8.12,32188,198543,1451,74106,774134,482765
10/15/2018,IT,409828,285453,124591,233663,95263,19809,142542,319567,78758,9782,313398,115919,128525,89,101,168413,3391130,270725,1747815,110755,2.76,0.9,-20.06,48.47,16.71,3.62,27.0,20.65,35.06,47324,3.27,77012,9198,4698,186640,238208,417446
8/23/2024,Finance,154895,324763,30677,261346,21498,112255,15181,372395,150826,36708,735314,100412,158456,79,69,10407,3855869,2763301,1676539,1487642,0.4,2.44,-1.2,7.76,6.32,12.26,24.56,37.44,20.84,136488,4.7,43343,98852,74,141854,223025,296074
6/1/2016,HR,88872,265921,74824,192997,54640,191842,121100,267922,282113,45874,111902,178704,186644,27,42,119755,3535511,1017458,903951,1504642,1.78,1.52,-27.11,2.42,19.15,6.73,36.75,39.96,17.32,229083,2.93,92781,233517,3653,112786,773773,210268
4/19/2021,Finance,444514,441592,160467,189689,124824,97180,143001,352031,80943,59894,748969,171278,115452,119,93,115342,4987334,3639435,442265,576416,1.32,3.44,-13.3,-2.4,5.1,4.73,60.81,7.67,16.67,147201,5.07,124645,35654,1131,154155,405331,168470
10/28/2024,Operations,78227,537496,137189,160092,52402,175312,132132,225962,131656,-24180,683176,127618,119374,20,22,-80202,3028838,56246,1288859,322259,1.78,3.24,6.88,-1.5,21.53,2.01,64.08,6.16,16.79,16685,5.39,138533,173397,318,66676,671823,140532
8/10/2017,HR,412696,109985,175886,284162,40983,172398,21923,35317,208272,-46597,644752,94403,177769,99,99,-40689,708393,3949876,268737,304008,2.96,0.92,29.66,-17.69,2.24,9.91,29.85,24.45,7.81,381064,5.61,150157,15421,4554,197469,978258,275360
4/25/2020,Sales,496050,311518,158411,27776,20150,168275,144073,197999,280248,-23147,333073,157003,49961,97,19,40063,4724314,301773,2440290,120935,1.16,2.62,11.85,9.34,15.37,-0.17,17.18,6.98,25.34,225515,4.4,89168,236406,858,50979,147326,164631
3/1/2018,Marketing,405382,238113,177098,292456,46459,99883,118849,392578,167366,22035,59602,151709,46364,38,57,84813,1560395,412325,1879575,1340812,2.32,2.49,27.79,24.61,1.59,6.54,60.36,34.3,18.55,399605,3.31,199213,157920,4940,141246,719525,26557
7/13/2020,Finance,418096,547885,127841,294176,108310,152693,127315,169161,80269,34872,622988,22545,120543,20,63,26215,3885739,239413,2181108,146705,1.11,1.92,3.76,-11.15,-7.71,-1.18,48.36,13.62,36.18,265031,7.45,25403,259561,757,42586,314889,158833
7/9/2023,Finance,220073,526435,132666,188736,100864,149411,-14012,338462,191793,-42714,397451,103541,33288,67,119,274060,294480,3083174,703969,1325120,0.21,1.9,6.15,38.76,-0.28,13.57,67.45,22.11,35.37,222310,2.58,164516,173043,3729,105925,298350,471689
2/21/2019,Finance,455207,467350,109767,131585,79599,103710,106989,89997,121583,-3922,743116,39947,55917,24,43,104900,4545303,2740018,879721,1041933,0.71,0.76,-9.23,-9.53,-0.37,3.11,61.94,11.74,34.57,406466,2.71,188747,262807,1009,96058,977955,415923
12/7/2024,Marketing,338537,327164,104366,88914,98734,26697,41158,351928,113372,-21504,39756,18959,40718,75,81,280089,1776210,615338,824634,974113,2.61,0.65,18.59,45.87,6.05,-0.51,67.42,44.5,30.86,471868,3.24,125871,239424,4059,37832,979964,317934
9/8/2019,Operations,132645,361903,61579,271062,33089,13369,123031,372643,220988,41153,414429,92312,84952,22,58,156556,4271923,151220,215975,771543,1.91,0.54,-7.87,48.1,-0.97,0.47,44.37,16.63,10.44,78423,3.2,95826,289713,1484,199753,782283,200118
7/4/2019,IT,206911,359090,81907,47498,109797,151338,90852,344361,164728,-39349,790402,127096,191581,51,110,68264,273243,280271,671249,903789,0.63,1.29,-28.55,6.47,2.32,5.11,19.57,39.27,8.92,267568,9.78,53120,203531,590,146100,288059,34539
12/31/2015,Marketing,224610,274059,62159,257952,85384,192595,59020,125885,226866,-3073,299309,78043,110838,36,25,68374,2012094,170429,532039,1387012,0.18,3.11,23.6,41.26,17.92,2.72,54.14,48.01,17.6,498658,2.5,11135,253953,4298,176990,121735,46402
9/3/2021,Sales,346906,395685,48538,100165,28281,143711,108774,176783,213965,-15056,458283,155278,63754,69,112,39802,2519054,471356,1368876,137064,1.77,3.32,24.23,30.33,4.02,-4.78,29.39,35.74,35.05,412721,3.2,69848,279729,1757,30274,301280,366444
4/5/2017,IT,228419,351644,108937,275104,88081,33533,3957,322278,188505,-31899,465082,33404,114165,14,111,-93309,2339170,2392352,1602701,400908,1.87,2.35,-11.76,-7.85,8.37,1.14,60.36,31.56,5.3,192572,8.86,142728,104418,4001,66709,338150,257675
6/13/2017,Operations,360283,359057,38944,59576,62534,8346,140264,342723,261354,-47734,19882,65824,28185,42,61,-998,3651193,3382542,838755,1441447,1.05,1.74,-1.4,30.01,19.9,14.05,11.4,30.95,35.73,17258,5.47,104887,206307,2802,109236,162381,21529
8/23/2019,Operations,487444,423489,178399,232678,52436,101219,107717,76290,231974,82096,268184,100339,130605,10,114,232483,2678049,1012973,959517,1120299,2.87,0.65,12.49,22.2,7.41,-4.57,30.24,27.98,5.35,272403,5.54,55935,56466,4116,162046,267858,291373
3/9/2020,HR,482535,120855,103144,234349,37862,33661,59275,367077,261782,42044,100493,173514,136948,114,117,159832,3662121,3055641,2281292,1494650,2.65,0.82,8.04,-0.23,-4.97,12.41,40.59,34.58,13.04,181103,5.05,57008,141598,1465,95209,87435,375276
4/11/2019,HR,306882,260325,162955,201855,52836,171933,108976,52845,284325,36861,581180,44091,140706,33,65,-81562,2079504,3436725,640308,889079,0.65,2.07,-1.66,33.45,-5.69,-3.02,78.91,46.96,16.51,162973,5.17,24568,194594,1025,121204,344192,54291
2/12/2019,Finance,426223,485341,90160,33200,33844,125479,33254,390914,283524,53302,48007,92371,132647,113,21,-60397,1933692,1239126,1652052,1136638,1.75,0.78,12.39,-19.24,-5.58,-3.76,58.19,15.56,25.55,247505,6.43,188467,138346,2228,194629,516399,210278
10/23/2019,Sales,486458,476555,111253,194529,33377,94107,55023,50253,168525,20739,392169,164401,178736,77,39,1329,4082783,223918,887794,1091315,2.99,0.67,-9.17,2.75,-5.69,0.73,29.2,33.32,36.85,123464,1.85,184600,144747,4070,151961,708613,292656
2/13/2016,Finance,390537,64624,111126,16355,23189,197845,121739,31490,67531,27362,421243,177464,72227,14,92,-80460,2306275,1950972,2940138,526218,2.46,2.49,20.05,42.77,21.23,7.15,49.36,17.48,22.52,200839,2.74,185906,7464,2140,134205,813683,202983
3/18/2023,Operations,111479,399670,77331,260118,5205,127425,23044,113988,164930,72579,705815,49415,188102,85,19,101804,4828355,3307818,864615,277345,0.44,0.83,14.61,18.11,6.63,1.23,62.94,32.45,37.63,98143,1.77,79835,36388,3222,67466,599256,121715
11/10/2020,Finance,235449,366888,25922,122037,73744,117994,128343,89013,186772,51278,788879,169640,56955,31,56,145566,2511583,1699138,719079,1758909,2.22,0.79,12.66,8.24,13.24,15.23,34.1,19.34,19.24,91798,1.14,12351,273533,609,160081,409410,332403
2/7/2019,HR,153529,108015,116423,148580,118467,33723,117001,224394,296061,-27607,259952,28810,121970,17,74,-32418,1918980,878398,2406333,245674,0.45,1.59,-8.06,43.57,18.27,5.83,44.26,42.05,35.22,130653,4.05,170956,194355,3519,150683,556656,375355
8/8/2019,HR,144530,194985,114444,145831,36419,134933,71636,265946,224694,54986,467653,153136,36347,54,14,186427,2140235,3750867,709960,1355063,2.03,2.72,4.9,40.57,15.75,7.99,27.17,6.02,17.85,428822,3.79,184416,169135,1344,71822,105060,275158
9/7/2015,Operations,79956,229889,92838,279947,128367,123768,129497,257462,99227,91872,874703,18794,148861,107,95,-30606,4440737,715984,2394222,1970343,0.91,0.74,-9.99,41.79,16.99,14.56,36.16,41.02,28.77,194394,8.47,106716,74263,3249,145538,512549,21545
7/26/2018,IT,203134,355702,89854,85874,105653,116971,92318,399004,175891,74294,138724,89541,113491,104,94,264398,2205079,2145394,285456,1347495,0.27,3.33,15.53,24.65,-5.51,4.12,58.77,17.8,32.92,381343,8.44,25684,193388,4332,107910,766308,424803
12/8/2021,IT,52662,487460,125878,199640,129881,139183,-9094,337616,213890,38073,102946,140362,50938,103,98,-86160,261548,1850529,1886196,1154528,1.78,3.47,15.68,43.75,18.63,10.24,27.27,6.83,20.7,43842,7.57,90500,272152,3531,89887,479824,453617
10/2/2017,Operations,155411,453004,166539,153772,76936,193197,58495,283796,287737,-17880,841588,101767,171899,103,71,286933,2622258,3217174,823978,214323,1.55,3.06,4.67,15.31,1.48,0.7,13.51,9.9,22.66,146065,2.75,113277,27918,823,197585,12907,213195
12/2/2021,Finance,343386,111861,166609,232255,69845,15147,11753,200760,277060,50389,54795,61490,68205,11,56,163977,1421324,3015116,2580074,1444041,1.03,3.3,-2.19,14.65,-8.27,14.97,77.92,35.56,34.98,188137,7.75,171392,155545,3228,107587,496204,72652
9/21/2021,Operations,484978,143148,118240,70039,123034,137095,95058,215467,258714,43347,181954,80880,96439,25,45,179205,569423,3466558,1345385,383115,1.73,2.22,-17.33,27.43,21.11,-3.38,33.56,24.13,10.49,174766,6.09,112051,198884,1487,88162,747126,295485
4/5/2023,Operations,107065,97117,20652,130234,20011,154474,27748,225701,174000,-26451,269543,136710,127056,91,103,-59704,2598461,2134739,2086538,95718,1.28,3.28,23.19,21.56,15.35,3.89,16.7,48.27,30.35,372014,4.55,192061,256830,4143,56490,411029,51210
7/14/2018,Finance,145063,132703,138563,239646,55830,153935,14803,198654,119799,99732,805114,11484,187638,24,28,-77150,783057,3214858,2120971,1587458,2.21,1.5,0.97,-5.29,22.12,5.37,57.84,43.5,34.96,13714,9.46,198365,55083,2645,188062,589603,359373
12/21/2016,Operations,370394,327767,165758,156689,143847,98164,31616,160859,235690,24552,758093,51691,43884,101,28,-13638,2554626,3181004,982084,528796,2.0,2.11,-25.62,43.56,1.2,-4.2,44.82,41.75,35.31,475224,6.18,57097,106969,129,171743,163069,166977
4/29/2021,IT,195079,527644,108401,79967,36748,75642,-17543,70542,240811,32986,184762,120742,58974,60,42,11245,715664,2615568,2129443,1506653,1.31,3.2,23.24,32.24,-6.38,1.85,33.31,7.96,39.47,201395,3.46,49527,121377,1667,124024,474367,259377
7/8/2016,Finance,164523,440272,134312,117857,118267,91495,80679,382767,27368,87207,299470,176074,104573,18,43,182345,4832207,228428,2040915,196600,0.88,3.09,-3.13,10.61,-9.7,0.28,12.43,35.56,15.09,407325,3.34,128496,190916,3106,154835,171828,105149
4/23/2017,Operations,438859,184125,154327,105014,57691,73287,81831,376013,250400,49730,629168,154235,89626,37,27,103621,4076460,1067491,2035045,507039,0.65,3.45,-3.22,32.21,6.7,8.26,75.36,26.47,17.91,220144,6.02,65029,55991,2419,189886,64048,32698
12/21/2015,HR,107671,515665,113506,52644,80722,123861,141236,385716,124370,87865,552394,123833,126863,95,67,24691,1239211,58443,1620084,1108373,2.98,2.66,-3.48,48.02,24.68,-4.46,72.12,32.51,38.82,195592,4.4,162074,168978,3846,56371,503011,387995
1/19/2019,Operations,306948,137955,114349,213919,73875,25605,113851,248628,185513,74245,985968,45483,97302,15,96,-59122,3844434,3261707,1137270,1891838,2.67,2.5,-16.63,20.52,10.28,14.59,34.84,40.54,34.26,432566,8.94,36198,174417,3416,73506,961852,436584
5/4/2016,Marketing,308921,337618,30167,227265,16087,194695,79140,167234,49916,18745,83679,23302,72715,69,41,290010,3277979,2684434,2587674,148283,1.76,2.68,12.4,18.31,-1.93,-1.17,13.01,10.92,14.24,241730,5.25,85821,281213,1771,71453,577372,357632
5/4/2017,Sales,321765,387840,105215,13105,137426,8106,46426,257329,166234,-733,173487,191364,163345,108,100,246192,1558917,2546604,395989,534912,1.9,2.08,18.14,43.07,-0.36,17.45,24.46,6.58,22.66,155105,4.67,145072,229708,4765,195016,35773,101600
3/16/2020,Marketing,271676,228913,69336,134446,106324,95480,147257,43517,83165,83525,106951,195217,104057,45,113,-63355,119736,281430,1182068,69650,0.99,0.7,-15.99,-11.52,13.58,17.09,25.27,9.26,13.01,430898,4.07,169111,297233,4931,140113,581301,131797
8/15/2016,Marketing,454548,68633,104141,202177,13335,151094,96,43672,115418,-27537,944877,159741,163449,11,25,1682,1638242,1530858,1215561,1817211,2.1,2.23,-25.84,13.79,11.74,2.9,57.04,21.42,22.81,387120,1.08,146200,25045,1682,138251,770415,126249
7/8/2024,Marketing,480454,397666,166761,65701,12403,180266,91026,193923,103304,62686,688040,174544,52790,15,76,276526,1616247,3356811,1629073,1427935,0.62,0.7,22.46,40.08,18.01,0.72,23.41,46.78,29.5,388430,4.37,73896,223641,4762,190747,743795,135127
6/25/2016,HR,252676,67728,67025,202453,110437,14131,45971,55712,280136,13684,253004,68597,115618,50,86,239068,3889582,1967901,2290530,1972203,1.38,2.01,5.56,45.78,13.52,6.35,59.21,29.28,33.79,47457,8.33,51442,115353,2756,188028,693141,429561
4/12/2018,Operations,379411,60565,30822,75207,57677,6864,59219,62690,28051,-36533,198481,181256,161245,117,34,164296,2827748,1824216,1950440,1595485,2.73,3.14,-18.22,-16.07,14.6,12.47,78.17,5.34,27.24,213213,2.19,160713,116887,2939,57989,777009,335665
12/23/2016,IT,54063,128064,48061,244405,138705,77321,100884,381540,209852,5968,462768,44105,30747,10,49,42370,3169026,3081194,2390115,1188010,1.05,1.42,5.48,-18.62,8.06,13.62,54.93,21.67,30.23,110995,5.27,181345,98730,1828,90723,293717,11305
11/7/2018,Marketing,451027,391652,38211,11915,122913,24696,53046,58208,143942,56286,526937,126880,73191,74,32,-98923,331257,2742342,2518233,81701,0.23,0.81,-0.23,46.83,-4.08,13.39,32.69,29.29,9.64,181133,3.44,148679,108536,3489,21148,109921,378630
12/11/2018,Marketing,253159,239944,43673,18944,142333,43356,103902,130175,219261,-434,642268,70167,73676,16,30,183163,3680144,3883977,2338316,1998699,1.14,0.85,-22.58,31.19,12.28,-0.97,23.4,14.66,9.49,491949,9.76,11554,230562,3967,133827,17831,128595
11/27/2017,Operations,63464,469338,121993,138899,47476,122529,26240,287909,157609,-201,871340,78558,85609,78,107,274838,3044546,1286485,1561048,517921,1.53,3.21,-18.47,33.51,23.2,19.08,43.88,33.76,10.23,450733,5.78,174337,201623,4565,57800,901174,267210
7/27/2024,Operations,415817,66036,25588,83124,33473,121168,67884,140506,298035,58393,248075,12494,76320,114,40,117616,1121071,1800232,1879700,1217582,0.48,2.77,-5.1,8.28,13.89,15.96,34.74,5.36,37.09,357826,2.32,165410,283382,1158,169033,458207,54678
6/4/2018,Operations,147156,517846,121951,85749,133525,128415,64644,295793,165410,99971,565569,130395,27326,100,80,268912,2759708,3027537,2312825,101474,0.61,2.53,13.86,-0.47,13.32,13.75,75.26,18.61,37.61,466970,6.49,100431,113027,4720,134981,30582,403042
12/5/2018,Marketing,492023,411735,168819,34418,15408,198065,61230,340288,164539,34473,364319,127093,148580,92,94,-95213,1114193,3099015,1006768,532964,1.61,2.59,-3.64,6.82,14.79,8.84,44.06,26.15,30.8,334823,7.29,198851,73700,3358,94498,687172,154036
9/19/2023,Marketing,499848,115571,85843,261959,6692,7198,65417,274609,294726,-1758,927000,192202,162128,45,95,-57975,1132478,1603749,2740899,1166802,1.18,1.59,-16.82,9.27,14.63,1.65,48.93,21.78,36.16,273431,3.52,198645,21695,681,158538,983012,214472
1/29/2019,Finance,82309,498270,49230,241635,24361,59701,109324,349476,239552,30500,19038,79292,26949,73,72,29050,4269745,3525974,1414802,533648,1.49,2.24,-29.38,11.72,-4.61,-0.6,76.45,16.33,6.03,460148,1.77,91973,270620,105,97409,732845,221710
12/22/2024,Sales,293676,292062,141040,180550,104291,176202,29285,233305,199247,65229,892292,132119,19200,75,107,292187,245392,1243666,1973696,481139,0.8,1.64,-18.98,12.24,-0.03,-4.65,18.68,24.95,30.88,47609,4.89,95233,40439,528,90119,460370,43241
9/21/2020,Sales,326205,397032,39440,256329,70325,149384,46990,352183,244358,-9310,579914,19749,44426,78,100,-98409,944612,1560666,183531,919570,2.04,1.6,-26.33,9.36,12.36,0.27,56.66,19.95,28.16,396037,8.43,81186,246905,4370,141222,295040,262360
2/25/2021,Finance,212862,398276,136907,221756,113436,130502,92912,314576,28646,91754,212597,118628,69830,95,72,61328,783232,2106567,93996,1169009,0.48,3.27,23.54,39.44,20.26,-0.74,76.34,48.98,39.56,251468,5.29,31075,194808,4612,96177,253752,175002
11/20/2016,Sales,213071,382795,196841,109598,107131,130462,76566,341621,286614,97780,579279,149967,28273,42,45,238498,4277701,629243,1466518,929564,0.61,1.11,-20.32,11.51,-4.12,-1.39,47.03,41.16,19.95,129195,7.06,69167,116110,3023,186494,238841,439429
2/23/2016,IT,159707,176131,51326,114104,117591,90303,-19603,89485,246056,7991,796350,160859,123632,32,102,106848,4603621,2611036,1800136,341952,2.07,0.52,17.28,-9.73,15.11,12.83,65.2,44.74,24.65,197337,3.27,36140,135255,2182,198210,836106,448664
3/17/2018,HR,250560,70879,63298,185923,36036,168732,-5694,340508,251853,32337,30264,46218,46886,75,39,253814,1855259,1793641,896597,47183,1.82,2.86,9.88,36.16,18.27,-1.24,47.66,34.03,11.49,176153,2.59,142196,288202,2426,77930,470905,439980
11/9/2020,Marketing,95451,252576,104694,264769,51872,194298,76055,273771,128744,65264,177453,168070,127574,59,79,265278,2686637,2035005,2589171,100526,0.97,1.86,-24.23,-7.7,-5.82,4.85,79.85,20.89,17.86,233908,3.6,75922,204798,366,188196,947349,308682
1/14/2019,Finance,360317,69731,50592,44066,98170,88939,19105,277679,95034,48243,420267,63006,177996,14,108,73794,3902010,2807443,176057,1835612,1.05,1.13,-2.9,-17.16,18.6,-3.78,59.14,40.29,10.23,357481,6.24,140478,168323,123,135569,702423,436754
9/10/2022,Marketing,58253,435702,71918,156365,76470,45419,121567,46482,175851,82663,240257,16519,93678,11,60,59680,4652893,1990243,1494337,1937070,2.39,3.17,-26.76,24.15,10.92,16.05,75.16,42.3,22.2,419241,6.25,58966,233611,619,136899,782894,54107
3/28/2023,Marketing,426211,479152,116622,220200,60847,167913,-10319,329855,198758,-4583,645386,86797,110911,21,57,11183,562151,2905711,438423,1267272,2.42,3.25,-23.85,27.25,23.53,17.24,44.0,9.16,29.5,99196,7.75,117399,243258,4707,108787,20280,350531
11/4/2018,Marketing,484959,197101,97597,157870,51601,82261,93711,295518,181616,-19809,459791,84305,53080,11,62,6143,1565853,2390904,2561250,534272,2.8,3.13,21.52,-5.14,23.21,14.14,59.29,20.26,17.94,250548,6.28,104504,229310,2964,31417,902343,255360
7/6/2022,Operations,487305,371430,188605,259440,5493,92965,125028,369392,128847,64069,601766,50107,198070,78,112,126229,3918102,3999796,1665772,1092418,1.21,2.01,-25.41,4.55,8.92,12.07,14.07,28.23,35.5,127122,1.03,99215,78139,1143,144690,582008,57987
3/23/2016,Finance,482431,412913,95409,173043,118440,144346,93695,289808,50942,-36272,45268,110758,113311,43,98,287517,2749707,147890,541005,1451184,2.94,0.88,-14.2,44.51,-8.11,16.65,26.33,32.52,15.8,133107,2.26,47132,143836,2539,108606,482378,482854
8/17/2018,HR,84191,182932,139821,27497,89896,98351,114058,206940,284287,50546,797145,108225,91806,68,62,-79659,4494323,1280897,2961822,1187058,1.6,1.87,-28.57,18.28,0.8,13.41,18.0,36.2,6.08,328450,3.95,118568,208032,4750,88686,639726,406996
4/4/2021,Marketing,80990,98624,36484,52925,40018,85620,78963,339684,168941,-44478,308444,141563,141610,94,38,-58213,4185102,942839,2053921,1198095,1.0,3.07,0.84,-4.76,15.61,5.24,15.69,32.51,15.12,377133,9.36,120007,289286,4715,145864,153441,122048
8/28/2016,HR,107079,275121,118886,194068,118936,95503,149247,322684,224863,14203,625575,34219,157256,57,114,-98468,452118,3049694,2715392,216556,0.47,3.32,21.27,-17.42,17.48,5.95,75.25,32.76,34.54,478313,1.46,157661,207470,329,46117,716625,132088
2/8/2022,Finance,362855,62977,81055,245743,68523,13246,26157,236342,152458,-5283,332415,123558,156655,65,75,238822,1712491,2143671,1295127,1941424,1.77,1.6,-3.53,21.16,10.34,17.3,44.16,37.38,24.86,492323,3.99,25333,118362,1139,45391,108669,48693
7/2/2023,HR,332909,538220,172949,25757,88203,125492,95318,318681,290992,-30908,736115,93944,187254,69,47,-19763,2669997,2186405,1214470,522449,1.57,0.85,6.61,31.96,14.04,-2.12,35.81,15.25,26.25,318606,8.59,44867,135579,2962,179319,647958,433441
6/12/2018,Marketing,155104,309622,177871,118012,123330,77930,115968,40372,42934,87304,220745,132623,123269,19,50,22145,3399449,3515190,1824784,1247170,1.51,1.65,29.69,2.5,6.9,-3.57,28.12,37.93,36.82,300957,5.63,184962,296073,867,136752,570679,477149
1/9/2018,Operations,135229,437229,27218,55028,120990,65952,-11453,303537,227012,-5836,289274,197897,138789,95,31,39779,1129618,401567,2260799,986563,1.97,2.81,-3.02,15.35,-4.05,17.71,73.09,28.51,39.2,450000,9.2,56440,189841,304,150085,552197,74468
2/18/2020,HR,417672,197781,174250,37462,58540,170403,48349,318781,241698,55750,685498,118271,191589,86,27,-28596,529063,2800390,383569,1882401,1.19,2.15,-18.94,22.13,1.46,-1.78,49.98,30.1,12.14,151987,1.17,55899,281953,2150,23325,567468,214177
8/3/2020,Finance,471875,91420,77781,139612,118614,25006,133842,366174,185977,-9415,573040,110836,72009,86,101,-61348,3350517,2287069,632291,623622,0.6,1.62,-29.01,44.54,21.37,-0.3,55.3,27.88,32.65,65689,9.33,96236,174264,4502,116332,904029,57759
4/15/2020,IT,201715,64345,53843,229932,122299,12839,74108,245161,160338,-30868,159516,111433,21132,68,105,6086,645272,3690909,947631,1148664,0.21,2.36,-10.81,42.57,-7.24,8.57,42.73,7.43,21.42,455108,1.66,84657,105102,204,32801,734014,484107
4/3/2015,HR,420106,481652,55912,56349,103206,172126,106,66747,52509,64166,845300,186619,10220,42,109,226665,4501532,589030,2293755,879080,1.16,0.52,-12.38,-18.18,-0.85,6.46,71.05,20.83,7.91,217997,3.89,115699,31044,3263,59482,705854,284698
10/11/2019,Sales,219340,518256,153197,232351,145996,43745,79821,348278,201907,-39195,832784,15201,92664,60,104,271141,3730358,2430250,2396084,207102,1.15,2.19,-9.3,-16.41,-2.2,6.07,58.76,49.27,30.38,243494,4.11,196827,218893,1398,38492,940171,182343
8/25/2024,Sales,224508,455752,178002,298414,88385,95738,127389,308595,92123,53759,263884,143496,154045,50,60,125416,4141117,855390,1103266,288121,0.3,3.2,-23.95,47.12,20.48,-2.02,74.82,8.81,28.16,19585,2.75,113800,103723,2012,156961,138696,151721
11/2/2015,HR,396696,230159,102669,76806,29666,120179,81035,204766,117650,-47551,463959,107682,104071,57,24,175047,739354,872725,2474232,661210,2.99,0.76,10.78,1.4,21.44,16.74,70.66,6.4,32.2,282204,9.68,46467,119915,2629,140022,242017,471910
6/22/2017,HR,411171,492158,102082,245739,21623,101128,-4547,199806,37830,-31326,75513,48759,137222,87,53,254589,4116968,3391812,2426045,261753,2.97,2.2,-26.78,28.37,13.42,-3.96,26.97,49.36,32.9,102938,6.75,83334,211308,2984,167840,275903,44571
10/13/2023,Finance,168235,167196,130345,209248,59778,149214,106735,395341,103906,96096,827330,9374,44721,111,19,88705,1058984,1759288,941781,126589,0.13,0.68,-0.2,-13.2,23.06,15.33,75.68,33.84,15.98,469667,6.72,48652,238794,4656,22333,588025,19143
5/26/2015,HR,243855,499637,32413,214415,79713,86821,27056,125517,131062,10472,567735,99278,102236,86,39,25886,967361,1707710,1579879,1727632,0.71,2.49,22.77,25.46,3.76,4.52,70.06,29.74,23.17,456243,8.74,43547,152902,2517,85913,928908,368319
8/3/2024,Finance,467021,85653,44358,29740,134873,33616,116708,112933,26000,-8691,851038,34929,121987,38,10,245464,3516050,148891,164980,199385,1.69,3.26,27.44,1.19,4.12,10.05,29.86,29.6,14.0,235201,2.22,49588,195748,2746,153068,130228,17659
3/23/2017,Finance,124257,379608,68122,293288,115730,123249,47578,286826,297660,54238,107216,82636,78789,108,41,-7032,1309555,651682,1511132,1823083,1.66,0.78,-14.33,14.79,11.09,0.76,65.56,9.29,18.02,444396,9.44,155494,25189,3697,91796,543764,393951
9/4/2015,HR,180057,528746,71427,224934,102835,44450,20401,381133,105791,-20680,881857,141739,167840,60,107,77533,3025593,2441579,800411,841488,0.23,1.94,-19.54,-17.62,-4.51,7.57,38.73,40.14,17.71,245210,6.65,49950,249474,2710,22346,897559,235148
8/4/2022,HR,145097,202321,83706,87277,122219,9913,131938,361112,183328,52652,515035,8689,133543,48,104,61856,1230496,2784298,1990973,1614185,2.53,2.17,-16.36,-18.08,14.73,1.16,54.3,12.95,22.46,435245,9.76,197410,298531,4764,140424,370936,24292
5/31/2019,Marketing,100315,382781,193082,204031,130335,177168,12807,356833,174612,29936,674788,91407,115342,90,40,-64665,3168820,785310,2969344,1198451,0.86,1.32,0.93,43.5,7.43,5.56,78.05,38.65,26.42,353246,7.16,194774,153606,3559,195188,193292,270602
6/13/2018,IT,68109,469252,86935,245212,106077,148415,12694,173560,247923,-16928,189438,109818,63604,103,61,240852,4740340,3921310,510658,239054,1.7,1.63,-6.84,26.55,12.49,10.69,72.42,7.58,6.29,447107,8.12,87048,173833,662,125013,813336,188983
1/6/2022,Sales,248423,509387,64133,136349,146743,115920,106802,94515,169652,-46877,171660,144113,60045,66,114,88355,1366631,3697534,2804326,556022,2.42,3.16,3.43,9.93,-1.82,2.24,20.99,23.01,39.02,381461,6.75,12098,132631,877,134638,878029,236807
2/16/2021,Finance,328847,224507,64727,160427,126331,122830,137501,290810,24249,4343,432572,103439,82682,85,15,-26780,4069837,2342025,2847714,1811516,1.25,2.65,-18.03,26.42,-6.69,0.91,18.72,9.6,39.4,136861,9.01,124697,142346,1365,166135,511237,71896
12/4/2022,HR,304737,244768,61529,78478,50910,21805,97770,259532,160524,-37654,741327,168731,162247,117,32,132805,1620965,410966,2901453,221588,2.12,2.3,22.93,20.14,18.66,13.61,37.62,14.25,32.14,267924,7.51,95768,50413,2266,28492,547467,140352
10/19/2015,Finance,330779,361020,154745,42849,32473,13640,57692,332692,286967,69813,375871,34788,112839,72,109,20463,3316395,3203904,1243212,637429,2.13,2.81,-26.23,36.93,5.68,8.44,52.69,17.66,32.88,158741,4.24,76840,224011,3356,165713,583633,162138
10/19/2019,HR,293738,442046,51465,198188,137097,111562,2227,261177,197311,91107,66530,170286,40725,30,60,-77300,2622339,1801712,2139322,1777287,1.6,2.0,13.93,37.63,24.32,11.7,39.0,23.11,7.35,40983,8.99,38085,217900,4299,187985,36428,335069
12/20/2024,HR,81150,502361,99759,12709,118378,67194,149992,203214,165439,73607,639439,116563,181868,111,97,242043,2403779,2554520,1413629,268714,1.44,0.95,-13.85,3.7,15.88,17.96,50.72,9.25,11.24,112801,8.29,83187,117760,3496,36039,723882,137674
11/9/2017,IT,499327,413545,166203,131693,36071,151574,-12599,292358,163337,-4239,46017,87294,50226,22,44,161889,2155081,348181,952671,862335,1.93,2.49,-3.96,27.39,-7.29,11.14,35.88,24.89,26.31,199282,5.58,105969,239122,1993,124911,85794,121058
12/19/2015,Operations,318124,218260,97405,299337,43795,19096,49214,337162,202848,1046,251021,26129,103957,52,16,-14797,2801407,3835983,1795833,1685483,2.52,0.66,3.07,13.03,12.16,10.22,42.07,34.73,23.52,304094,1.37,10008,259644,4382,56611,672212,272706
12/31/2015,Operations,282296,282011,131470,178065,143399,90869,844,332810,204312,-28,623751,127219,62693,92,66,181505,4350008,2919218,2499795,33454,2.64,3.33,28.26,3.97,7.11,-1.78,24.23,30.0,14.98,469219,4.2,19515,127463,3426,160060,260511,113454
6/26/2017,IT,152869,174217,165110,84196,41020,146873,58983,306825,176927,-36550,239430,69901,76443,20,81,123311,1418543,3305590,2102400,386240,1.65,1.74,15.35,1.0,20.86,13.44,57.02,28.03,28.81,186129,2.62,163371,42550,149,176227,307745,278967
12/27/2015,HR,367003,549807,41987,65160,51181,191844,38215,318271,161756,61700,121404,73668,107883,88,60,220385,3052181,2054136,2161470,636713,0.43,1.35,15.58,33.67,-4.02,13.91,24.12,21.38,26.36,403046,7.01,11561,122104,4532,189079,349249,48182
10/27/2018,Operations,199957,462773,139111,295033,132577,32218,71448,222946,228641,-38801,236224,11877,150319,86,30,170036,1537014,1011096,1433953,1659614,2.49,0.52,-20.34,-1.89,2.41,9.51,58.15,23.61,8.67,484731,8.62,93300,205563,138,94893,30578,145556
9/27/2017,IT,67224,382014,32829,214852,123987,88648,125661,76110,268967,35231,904997,108909,112700,44,30,93202,1979852,778546,2061880,938305,0.16,1.23,-22.94,7.55,9.17,17.16,37.71,27.3,35.32,450825,2.24,167178,273543,3464,95097,229670,305153
8/8/2015,Sales,249401,198516,48785,275308,23600,102307,147361,212696,233568,6841,777866,63656,21669,68,26,244585,3089075,3755796,558137,1509557,2.33,3.06,7.76,31.34,19.55,7.58,44.44,40.81,30.62,155211,2.6,92298,178643,77,146460,707741,357196
7/29/2022,Finance,302228,273539,108053,208056,144744,188810,21916,82802,245604,42736,620603,44802,118066,26,46,101292,279136,3933164,1757702,1691244,1.76,2.58,29.73,15.5,21.34,4.07,38.31,38.36,14.82,218023,3.42,143521,80370,755,74159,426731,355895
5/26/2015,IT,241693,408224,62683,173220,122445,37960,134308,152993,105531,-7975,434931,76179,135873,15,105,277009,1610307,2274028,2943449,152076,0.79,1.6,-8.4,13.85,15.51,9.75,44.65,16.02,15.9,455303,5.92,138821,24077,2107,27599,367858,63990
4/16/2017,HR,467783,464343,74607,164193,74153,178280,-7238,97786,173094,-49786,694469,180616,135552,67,78,249778,3603969,1791507,2160369,466401,0.3,3.44,-7.71,27.53,21.07,-3.83,27.02,19.95,8.71,288831,1.33,192126,263334,1200,59196,43771,334249
3/27/2018,Marketing,269652,264487,72497,283752,20039,139743,2779,172089,207540,35141,426358,151332,26408,66,56,-50254,2710681,1104667,2675689,1746048,1.04,3.17,-3.55,-14.01,4.98,15.56,73.34,35.01,38.95,104168,1.25,53969,38845,256,62297,975893,210179
6/15/2018,Finance,461474,113879,149896,212556,40268,13942,120514,358069,130658,83243,733674,183966,87086,97,76,121529,3483789,2290581,2090792,30851,0.56,2.47,13.51,6.49,8.15,-4.61,38.68,27.86,24.98,430526,8.35,36603,142482,1928,116827,28803,414144
10/10/2017,IT,183114,473740,137303,240028,63621,76585,81586,304049,21121,34544,276240,120622,86441,65,84,247390,3931412,2127820,545159,935499,1.37,1.7,9.18,3.04,13.97,-0.51,18.66,7.97,34.89,174633,6.88,116906,250410,934,72857,817218,494870
9/6/2023,Marketing,371974,528714,34236,73241,115443,164930,101885,169792,164189,10186,522101,135578,67612,115,58,197016,2718607,282582,1510322,1882274,1.51,1.37,9.54,-16.61,-0.93,0.9,37.68,28.02,29.88,145079,8.85,114024,189696,536,77828,937662,350506
3/12/2020,HR,466826,116553,170821,44318,134837,57745,124054,134441,294101,62129,178928,120006,90808,75,114,34760,2586328,1591240,2577927,1963681,1.49,2.74,-29.81,48.63,15.97,7.41,70.86,13.44,33.99,232038,4.85,168567,9042,1440,83274,175779,202656
7/19/2021,Sales,175351,147371,116374,258909,29272,78910,137017,370608,88571,-7818,826813,27677,22163,66,103,-87949,3262607,3308055,1198870,143760,0.76,1.57,-2.36,2.71,23.63,3.0,29.4,24.94,38.34,290351,8.23,134124,144754,3499,71254,980231,192304
5/5/2019,Marketing,388382,324138,163434,135160,50108,133813,42950,155984,118732,4467,693064,137618,27918,64,62,77897,2146981,1706077,808352,761690,0.27,1.21,-24.48,33.26,-8.66,7.68,14.99,24.39,7.69,239251,3.75,51850,81269,3262,62408,691288,326204
5/16/2015,Operations,499075,460303,95246,93539,121376,170372,20040,242673,149983,6500,639811,99487,104644,79,104,-33378,1709665,2268984,789411,967492,2.94,2.25,17.94,-0.62,-3.18,-0.61,53.46,6.48,29.22,478431,9.51,160049,221828,4166,67747,713082,100389
1/3/2020,IT,174784,529361,196233,257086,79440,148995,-11111,167616,102020,-45808,948301,62821,187110,84,54,-86152,3756873,2227312,2333320,1182239,2.66,3.06,-14.18,0.9,10.96,-1.64,52.62,33.27,21.84,499022,9.71,26314,91970,4216,136266,768893,449343
3/12/2021,HR,332158,341586,142665,152880,76564,184319,-13235,89717,213790,-37961,808113,188474,147802,114,32,157757,1286580,1266637,732366,1096190,0.56,2.58,21.66,-6.64,3.25,18.93,47.9,36.78,20.58,69777,7.24,120474,126400,442,58893,735131,219960
1/14/2016,Operations,406185,512199,113855,244793,76991,21362,110247,251565,51345,13512,615167,12715,7268,27,89,34715,3872923,1674942,1234144,1412267,1.88,2.59,27.51,33.0,3.24,9.9,24.53,33.67,37.01,327525,2.98,33730,135289,1185,73570,155634,299359
8/16/2020,IT,110490,467205,181082,74737,50576,199003,125393,355882,115976,11009,285317,68361,87609,35,58,-50660,4883145,2314837,2779602,33101,0.26,2.78,-7.53,42.19,-0.06,15.86,14.75,36.61,36.95,49459,8.31,50737,191240,2357,68128,184575,240325
8/22/2019,IT,319344,113099,189207,158240,72901,60286,148534,313643,80909,41068,989441,177551,81681,115,16,274790,2720350,1285920,1704534,1917557,1.53,1.16,12.78,47.48,2.69,10.85,44.79,31.57,28.95,123941,5.61,61045,289744,4862,59472,633490,176954
12/21/2017,HR,321604,254031,197985,232579,38378,160602,105939,195645,272525,19664,463837,170388,157966,90,115,-40602,4415853,850661,1115747,1804720,1.49,1.98,18.89,-18.56,-1.52,0.87,59.14,11.84,8.34,303870,5.5,79774,184094,4508,76873,356227,483881
11/12/2015,Marketing,364294,329119,168058,171969,74017,108124,36963,210182,192151,58507,451329,114587,164855,64,114,62446,2894247,3378095,1348447,1565403,2.82,3.04,0.88,-8.67,8.63,5.61,28.81,43.75,24.11,427136,9.13,65701,140330,1201,170877,105799,13358
5/18/2023,Sales,312902,354467,150080,266887,82753,54387,48300,393382,177124,62726,364459,14619,185386,68,93,-37723,1969063,1661602,2654565,812305,0.76,0.6,-1.62,-14.93,23.48,17.11,48.24,47.92,34.61,105177,4.71,164464,160499,1722,99849,503108,402640
8/24/2019,Operations,311358,494504,60850,84245,111492,114514,74157,312447,91592,44899,49757,47308,149717,109,59,268585,3145284,3338825,1327137,1530183,2.65,3.38,17.86,-1.73,16.17,6.71,39.38,41.47,21.4,347231,8.32,40845,61223,2774,152557,694208,150215
8/29/2016,Finance,191821,283352,56535,159081,33205,92090,45815,132970,221387,23195,594361,80034,96454,40,21,204689,1413901,2627963,1214181,998214,1.51,2.83,25.97,44.93,-7.39,13.65,61.1,5.15,24.42,88741,3.96,45756,262035,1044,166090,659138,425525
7/7/2024,Operations,455483,359873,166118,125771,6448,109335,92132,374797,104156,41058,622795,180906,8609,71,49,-30253,908781,973510,1022338,1537778,1.13,3.49,-21.93,9.1,22.66,3.56,57.99,36.86,17.69,242908,2.09,13831,180310,2619,199380,164643,22477
3/29/2016,Marketing,159004,481978,135412,121836,22041,115615,73801,53713,196315,70118,458451,139887,43898,92,24,119017,4815822,2980441,603143,1769779,1.25,1.25,5.07,39.34,15.36,-4.72,34.11,8.84,21.18,331046,8.29,141691,76054,3892,34925,99198,411577
12/21/2019,Finance,418873,147659,91335,36705,71683,75521,-12249,377015,294219,-1996,626165,180702,138726,62,113,-43003,4651886,2993938,384489,780814,2.8,1.51,18.66,13.92,-1.18,8.41,49.0,26.84,29.05,59567,9.81,43171,197332,2437,66091,207854,257435
12/14/2019,Sales,426825,439038,180379,89399,66555,140154,139476,279758,182269,74254,865932,146293,94007,119,44,222889,2568469,538036,311295,1791870,2.59,0.55,9.16,18.7,10.44,7.33,31.52,9.44,32.17,283299,4.5,27534,51029,4286,162614,583126,471570
8/9/2022,Operations,228686,240741,146795,71088,141386,77787,51143,363047,80906,80377,281728,49150,69061,106,60,69717,366890,889715,1433605,1711974,2.35,0.9,11.33,48.72,0.26,16.84,56.45,26.86,10.88,385139,9.36,105306,101448,1431,136176,231379,169753
8/19/2016,Sales,271378,180148,50476,186078,66233,95097,144988,391767,105662,1844,299354,59426,61009,33,14,87650,3673275,3457108,2417581,1773651,0.24,2.37,-14.23,-18.34,18.19,6.23,16.24,17.08,18.65,329437,7.87,97874,20621,60,192056,610351,337707
10/30/2018,Finance,382341,65418,94542,116458,116196,62094,118729,317158,128569,-40369,116516,71838,13433,58,83,155898,3261438,3495465,846164,1353421,0.68,1.47,-25.15,38.15,4.69,-3.33,41.17,34.52,38.53,448477,8.66,110448,266300,4783,82470,911806,177354
4/14/2024,Sales,251123,76383,67350,276902,107512,185667,59997,189010,278699,91999,423702,72872,174586,37,33,188393,1732917,1578730,1643698,1035156,1.28,2.28,-17.17,40.73,17.03,18.48,42.89,20.77,27.44,211657,9.16,86928,196918,2754,54130,688246,260865
3/13/2024,IT,392813,523018,173083,117856,110343,176595,108542,141690,58745,-15636,607766,55994,172188,64,72,171464,1046101,1944768,2648364,209898,0.61,1.95,-23.08,-10.61,-4.15,-4.1,38.84,35.05,28.66,375504,8.24,34733,141420,1212,36909,291329,282176
12/20/2017,Sales,474289,228512,73777,76516,75424,13530,129018,367934,178703,91136,699335,43173,181712,15,76,123878,1446918,288835,2572981,385628,0.94,1.64,-20.9,9.08,2.92,17.46,23.64,18.79,11.79,48351,8.43,189874,170056,3964,98396,238344,34947
8/19/2021,HR,479159,90830,46839,180761,87126,19646,-9096,220440,102900,87718,647186,47361,196139,89,64,271619,4131340,2070951,1622564,1315248,1.46,2.21,4.48,20.32,-0.24,2.06,45.77,5.5,30.14,340102,9.71,9168,42630,2669,148289,786284,367864
4/24/2016,Marketing,272707,181874,116163,267234,32763,90284,-4279,122683,252651,20809,711445,83894,32661,102,17,262765,2725737,233845,2891341,1426383,2.02,1.2,3.42,24.58,22.1,-1.21,34.21,40.51,15.79,122279,9.63,173911,62624,4305,97601,655277,459416
2/26/2020,Marketing,213762,153617,186790,255056,79438,65549,-832,137074,214704,-22859,830607,80223,92003,118,78,261895,705748,514618,74158,722811,1.78,2.79,1.74,-13.1,21.99,17.08,78.42,29.74,18.34,297603,2.02,22627,252197,3340,104337,556746,338463
12/2/2019,Operations,404150,107421,110892,39124,99199,120735,129117,43764,156765,38033,384543,75144,82069,84,100,162428,2705773,665680,407768,1468947,0.59,2.15,15.91,13.83,-7.72,-4.09,67.61,49.19,33.68,27649,3.21,42552,54643,3667,65484,125006,88907
4/23/2019,Operations,162702,200268,193328,34375,80650,104289,103868,47040,131336,-21534,254613,27017,34705,111,60,175294,3848639,2183605,1710071,1435325,0.15,2.49,-9.7,-1.82,0.31,7.83,36.95,12.88,24.87,336434,5.6,170270,83121,2625,75797,632910,169998
2/2/2019,Finance,105703,459694,101739,198320,131388,94613,65659,156972,33705,94741,653310,187428,136890,74,62,225923,4094152,3699058,1612825,430706,1.73,3.22,16.46,23.54,12.69,-0.91,61.56,9.44,37.36,187561,1.62,101680,21248,4284,93798,413179,429397
11/27/2020,Operations,247013,523428,71140,92755,109602,21363,124630,351474,245341,29377,401693,156567,17767,104,18,43262,4035134,3767975,1466356,602130,1.75,1.6,-14.73,-7.77,-5.28,-3.02,45.24,20.37,24.22,241347,1.55,99976,180885,4943,44572,23095,315871
10/15/2020,Marketing,433891,358017,142380,78736,26696,21252,35839,283587,271654,96902,576275,46554,77619,81,15,273599,1095854,3897365,769742,193281,2.65,2.11,-9.31,47.54,-5.24,8.22,78.43,12.68,7.43,99561,5.95,164213,144337,3218,66918,654220,474583
2/10/2016,HR,416238,334972,135580,75270,117761,44058,149392,103881,95132,99645,667071,6053,114177,21,87,53422,2086115,2047879,246914,1372691,1.67,2.56,2.9,27.95,9.67,10.1,27.63,23.18,27.2,10264,2.84,113732,57271,3876,76772,289625,207701
9/14/2018,Sales,61118,239123,83232,23475,142113,143461,123433,368795,291137,-8219,66323,38910,45760,82,82,181967,698746,2274326,185829,511701,1.42,2.97,24.4,37.15,3.72,5.66,38.69,29.12,16.43,164563,7.15,35448,262838,2823,37854,872368,242459
6/17/2019,Operations,354959,185483,53850,280757,61082,11912,138680,288798,94430,45411,940641,26048,185977,83,26,198691,2676610,2248048,2573913,1248650,2.92,1.76,19.83,14.9,-6.85,2.37,45.36,10.35,29.52,60088,4.78,183828,228050,1388,129280,920407,75162
1/6/2017,IT,283673,480766,179155,28283,105131,10070,119946,77750,24788,-38005,205298,189489,55294,34,40,192327,3622351,3949949,2822894,107441,2.01,3.36,5.95,39.55,10.29,-3.48,75.74,36.58,30.51,39108,8.61,97520,76920,2804,104924,796088,416992
4/12/2020,Operations,88787,155298,89212,112694,110841,58499,-368,304801,35047,-39742,563083,116053,12211,91,41,146303,834239,3300439,1593673,24680,2.28,0.87,-22.56,11.53,22.99,1.32,72.02,40.21,31.7,290579,2.09,87574,80251,2636,109277,474842,113928
2/14/2023,IT,290091,313537,32119,268515,106555,102287,19802,68611,260685,-13552,13744,76488,112693,97,51,-78995,2369795,2741008,948090,816406,1.97,0.85,-28.31,49.32,19.82,1.88,17.1,48.14,27.88,61706,6.02,78218,279206,3402,167413,855530,367831
12/21/2020,Operations,378025,533709,118328,72237,90927,184804,144359,209948,170419,79851,141857,187610,156242,14,24,-43150,2145079,714548,339066,71721,2.24,0.55,5.83,9.3,5.56,1.9,49.08,37.12,25.33,122486,9.9,196300,190999,2600,25080,416835,390242
11/11/2017,Finance,434663,247909,180172,29224,148880,154254,-8648,262694,54926,-29220,644748,20809,97226,20,117,77541,1494447,1294218,289181,1149122,1.94,1.97,-17.94,36.17,-4.3,5.29,16.19,34.2,38.89,332193,9.01,28403,294442,4865,24338,610130,342047
6/15/2022,Marketing,369267,243546,88511,244911,55853,129303,64286,210525,60336,14609,648433,177576,125884,78,24,-43964,2745343,3645810,2036387,1586819,1.91,2.76,1.11,16.45,9.65,5.88,71.79,24.94,17.14,487501,4.81,166014,251519,4926,40737,972585,363865
9/2/2020,Marketing,220081,417463,162377,98362,45441,111040,75853,99721,214032,-29682,169463,109890,139385,21,16,-57200,2254404,3369506,2183432,638320,1.26,1.96,-14.39,28.56,13.63,-2.7,48.99,31.26,8.51,43318,7.09,132678,140760,443,98890,36719,74285
8/11/2021,Sales,257789,307943,134256,64096,56269,154886,143347,203170,248256,22931,839558,191702,8017,60,28,18108,543016,3532263,693929,318972,2.15,2.29,-17.81,11.43,-9.26,7.0,73.02,44.7,35.38,309531,9.91,96441,196243,1350,107176,751150,328391
5/9/2017,Operations,443485,397362,56340,57190,65123,26651,77341,104933,190119,8126,24042,163423,79581,43,73,89056,2629866,3493345,244247,646771,2.73,0.59,-14.72,27.56,18.44,1.22,54.97,37.9,32.77,345398,4.84,120411,68708,4061,197044,651325,96569
2/29/2016,Finance,158710,166009,146830,247814,38429,12645,24470,342310,46810,77801,682787,51930,80203,67,74,-74435,330515,1895360,1057610,798531,1.75,3.11,2.14,42.41,-1.26,7.84,78.24,43.94,29.08,32381,8.18,18193,235778,1303,82499,874718,64835
6/12/2020,IT,478693,343892,184436,77142,142946,155742,95804,274471,225241,-19820,976498,185785,136278,15,113,227291,1792349,304233,1871535,1346129,1.25,1.79,-10.67,26.91,15.05,13.96,42.37,10.22,23.15,442680,1.17,73300,277587,4700,48448,458666,34984
1/19/2015,Sales,484150,426116,179069,257784,107823,177523,54143,271685,185949,42721,18628,31858,47550,113,44,294320,1504047,1964945,2998979,1001156,0.29,0.5,-29.74,-1.44,17.21,11.5,28.2,34.77,7.41,433160,7.37,84344,128234,448,178951,18183,369212
11/12/2019,Sales,284321,218958,113551,228242,64329,167677,24089,295439,273461,-49571,378089,27686,144147,114,76,286067,1641077,2182491,2934425,1176583,0.58,2.47,-3.56,13.88,14.15,-1.89,72.08,26.16,22.75,279581,9.65,49236,229990,2893,170362,816004,61408
6/24/2020,HR,281812,545419,186116,74844,5173,84817,99345,201354,268943,-19168,434341,174468,103756,62,24,115229,4003276,3420954,2102919,719856,0.5,3.13,15.16,9.75,18.41,17.24,68.69,30.55,38.79,61937,8.74,191805,206452,1030,165057,720414,259266
4/7/2023,Finance,171049,230019,199176,267475,80329,155947,95256,334805,94398,33,12622,16828,173659,109,54,149271,2193571,1708374,2705076,1467106,2.58,1.49,3.13,24.11,11.97,10.74,19.92,37.45,26.53,274466,4.2,116009,296654,2299,82629,353945,460680
3/16/2023,IT,148166,420136,147569,270443,88184,54467,8844,218020,295270,20953,497160,155688,93881,112,101,-81482,4549856,953114,1705199,575282,1.7,1.84,14.85,-16.36,14.4,-2.9,58.54,24.28,39.84,169867,7.52,105779,152416,1220,96051,427190,99959
3/29/2024,Operations,151391,431140,172675,296131,75270,99194,65432,239672,138040,-48870,984228,98791,73259,54,102,16402,3221982,2014803,291307,1300068,1.49,3.12,20.47,24.23,0.74,-0.76,37.72,41.54,32.01,487127,5.96,198020,202224,41,140367,293049,350181
8/20/2017,IT,158326,132743,164774,246733,110630,118186,75184,214797,83890,50034,906818,170169,195400,48,31,225697,2411455,3677656,1257867,909025,0.42,1.0,27.57,11.03,22.74,14.73,22.21,39.24,16.24,497145,6.21,74865,26080,2835,67577,763146,187609
3/16/2024,Finance,257156,528953,47815,201859,101296,122808,137448,265271,110283,92908,799923,7820,193684,25,103,205422,2212347,2164937,1446332,216839,2.42,2.34,16.11,35.06,24.29,17.33,10.9,18.87,18.23,13316,7.06,173360,248457,3611,166684,810664,370992
2/12/2016,IT,367095,303041,165861,37039,30257,11634,-5521,146987,273755,-27983,331299,118203,161158,37,12,140153,4705797,717879,981444,1689621,0.85,2.36,-10.87,-9.59,8.07,13.01,42.06,27.39,35.74,200134,2.97,8992,78674,2280,168058,33958,22022
9/1/2024,Sales,413213,166671,93065,276518,105294,177043,15385,386737,293543,4054,931262,146834,189264,58,98,233632,916658,1917836,374419,1794918,1.45,2.45,29.68,17.94,9.59,0.8,60.92,27.18,17.67,443916,1.47,89362,24554,313,109168,313046,155778
4/26/2021,IT,197495,167397,122598,295701,12755,22374,106281,339519,30445,-42087,618186,97065,135755,14,109,-32294,294571,3779837,1408524,629717,0.44,1.5,8.58,14.48,-7.97,-0.5,68.75,21.95,36.24,244977,9.85,81905,285936,4632,75893,791068,418848
1/31/2016,Sales,78875,312073,23897,32251,39806,185640,98922,139312,54316,20477,957522,140031,71859,53,12,117610,2965062,251889,2868622,659865,0.12,2.31,-10.54,-11.77,16.23,7.85,22.23,6.81,13.23,367742,1.06,132491,147390,1866,173584,681343,312126
4/8/2023,HR,131909,428970,91905,216375,98692,54940,123491,128106,29737,99610,496491,38087,157549,38,116,212891,2729043,1215974,450146,1799696,2.33,1.89,4.45,-1.12,5.11,15.02,17.32,34.16,34.24,279020,1.84,22387,218157,2554,154916,79094,456787
11/9/2023,HR,162546,99322,162409,283431,110962,124957,108802,318553,190515,58962,672546,34603,162672,11,25,96612,1603282,3060599,2925026,1201099,2.57,1.34,-3.58,21.73,-9.67,19.78,59.57,41.84,39.24,435372,2.24,175469,284885,2098,82819,709657,228916
7/5/2016,Sales,441010,444846,87525,63838,76219,88861,130844,385275,219129,26976,62749,15813,23215,119,103,38394,2701495,1923360,426225,895268,2.51,3.2,-24.08,-7.18,0.16,13.42,25.74,26.49,27.45,275132,5.87,10027,97392,1398,136381,479868,37063
10/6/2015,Sales,255740,337168,196835,288342,108150,118384,36393,75200,166842,52129,217448,197418,14791,84,115,-96908,4527462,2094350,2949412,1143645,0.65,3.21,22.15,44.53,-9.41,6.07,27.4,27.53,16.51,366897,4.16,101423,184133,92,183783,819470,271272
11/4/2019,Finance,244884,323656,121994,266563,76847,191002,56530,63248,107898,14294,272735,183409,196176,98,96,160483,1418165,2705610,535805,132055,2.64,1.37,22.91,-4.16,-2.31,18.58,71.59,9.71,35.7,301527,3.41,49267,132431,3766,164873,469475,395806
3/26/2020,HR,360939,499810,194439,233133,126007,174989,52042,205879,187235,-41880,789792,171627,79706,63,103,105469,1677316,894643,2356706,1190270,2.01,3.01,16.94,16.7,19.38,8.34,27.86,30.28,14.35,160965,9.15,91953,219869,4917,108380,697068,108172
12/30/2023,Marketing,63846,497954,47185,231640,106509,127225,114556,198210,213292,-4296,284531,85842,62720,54,77,112453,3299679,3592478,2633775,786827,0.9,2.96,-4.42,-4.26,13.69,18.67,62.23,15.59,25.47,97877,1.26,178151,63144,439,144327,726466,72941
1/31/2018,IT,406605,129421,195415,213895,6180,75002,131747,327306,161485,48986,433699,79172,132667,88,49,-81654,2698582,451608,1819092,223564,0.34,2.59,-22.21,11.23,-6.13,11.23,44.65,9.67,26.37,324709,3.48,195373,114375,2463,60617,889880,161267
5/13/2015,Sales,216854,89889,191220,30257,129105,92312,52530,182676,198913,94661,332576,145511,111508,70,105,290384,1729380,3314398,2591078,585768,2.53,2.8,-25.67,14.37,11.99,10.42,31.66,37.02,28.86,328940,6.97,32370,90243,802,129523,210802,243117
9/3/2024,Finance,398702,437859,188064,223697,33917,99594,45026,88796,112261,3493,453271,77504,8983,96,28,148966,4378675,1809355,104899,1559437,2.51,2.12,22.82,10.24,-1.94,17.71,23.44,33.15,10.44,60719,7.02,149361,273950,2489,87069,149915,205108
4/18/2024,Operations,332146,412028,188928,222257,101280,99781,77155,283915,116980,-9997,364417,194666,72506,13,49,200538,1967240,3122101,382614,1405541,0.78,1.2,-8.07,-18.31,-5.73,15.86,28.71,28.69,16.21,481036,2.91,72470,152762,2452,37155,937265,302351
6/22/2016,Operations,260141,169591,55698,86471,88909,100260,78529,222419,202059,11616,758908,148104,155693,106,39,72969,2307495,1310020,2866652,1220704,1.26,2.78,-11.01,1.04,-9.28,10.44,42.56,9.65,11.34,331481,2.84,122128,252912,807,92072,208261,473927
7/8/2015,Operations,105651,264416,129247,87942,63188,163653,1523,377969,260126,57305,366430,52920,131721,77,61,-28908,895355,144474,2395400,277306,1.12,0.81,-8.22,-18.71,18.3,-4.36,64.24,32.91,7.15,316616,5.11,8579,138759,4746,127343,986840,94416
5/1/2019,IT,279000,481289,22620,96738,39221,110222,82683,324034,192931,-1895,928747,53082,137790,113,54,82756,2065031,3745748,636582,1977535,2.67,3.13,-12.4,-16.85,19.3,1.91,61.59,11.4,14.31,295838,6.17,150361,104616,1258,153881,533452,434204
4/13/2018,IT,151524,189015,109600,116650,140684,65337,117774,244108,169048,98993,179018,177727,174438,25,89,270233,2242253,2738765,437035,1378016,2.49,2.72,-6.84,-10.9,20.11,8.41,21.34,26.67,35.84,272506,3.14,65220,240351,4864,45620,157017,35949
10/28/2020,Operations,116419,154781,83038,283752,5855,22116,42632,181512,34338,18246,327730,131338,169531,84,74,105581,2655235,559954,1717021,1907664,1.06,3.43,20.44,37.72,-3.99,2.44,41.68,16.53,9.0,48565,9.89,167327,68295,765,138842,218053,315765
9/26/2019,HR,429719,415713,175387,11329,77005,122939,59298,379047,42141,76522,439044,136883,160087,44,31,13201,3729159,411710,2067718,1693568,1.29,0.96,10.27,5.56,23.68,3.18,59.69,15.37,20.22,194685,2.79,77612,45495,2200,162108,982954,362061
9/10/2015,IT,172357,415789,32881,268561,48156,137823,117779,399691,71538,-28543,198162,152856,120874,111,101,221224,3732816,2082520,1697591,558708,2.16,2.19,28.31,28.75,5.82,7.6,46.69,18.34,26.72,132027,1.94,41816,268168,2280,172771,995047,168441
11/6/2020,Sales,251928,101391,193631,82453,73190,105089,65333,73797,77785,78926,243837,136656,45415,47,72,-81815,4255577,116300,224531,969565,2.32,3.22,-9.34,20.4,16.34,16.86,34.99,25.85,8.0,101852,4.03,154350,221410,3143,82295,886997,202208
10/22/2015,Marketing,142327,479796,190084,200585,93123,168844,-5331,136842,42025,-5428,422763,32945,39927,47,66,139978,3822518,2701148,2166349,1970140,2.3,2.93,-27.03,-6.45,17.52,19.21,68.42,29.25,20.61,237888,2.68,84928,231524,1789,147252,972500,170937
4/7/2018,Finance,320664,287240,107207,56759,59658,129700,52448,263548,140782,93882,918926,134914,80596,89,26,-49374,1207758,649367,860460,95356,1.05,0.52,29.88,42.29,19.2,8.79,50.36,8.11,7.85,245668,7.27,177250,56350,3732,105466,396391,43314
12/21/2021,Finance,335002,110320,34755,108900,25679,25447,-15695,226905,255530,-23415,251063,128654,117023,42,37,135319,3914131,2891447,1150112,1642160,1.12,1.32,-2.61,-6.87,21.58,10.57,42.38,37.92,38.48,358673,8.78,69982,95821,4016,180162,484415,33017
11/16/2022,HR,268973,367263,131553,280598,16798,40142,147860,387176,77989,38274,341024,116713,46099,42,103,248531,3288249,3787566,2326877,352744,2.91,2.41,27.67,-19.52,23.24,7.8,78.23,35.3,27.14,103064,6.27,64003,258175,2763,113205,800410,454899
12/1/2016,Marketing,399279,406485,123068,40623,115165,193615,120346,320120,180761,-7277,113484,113651,194361,58,65,98065,2536603,2196978,1666510,867649,2.88,0.86,20.73,-16.35,8.33,9.49,78.71,10.12,19.48,123025,9.78,144056,32331,3113,195962,167491,147391
12/11/2015,Finance,382334,309338,27497,254920,49187,17150,76821,157498,125151,-42394,206691,77456,137097,59,112,74876,1428629,3739429,1084037,1711039,0.51,3.1,6.57,13.96,20.48,13.38,43.38,35.84,36.0,405569,4.96,171356,10718,2371,94956,541456,382817
3/5/2015,IT,283249,206853,155728,226990,80916,40197,146049,246015,267262,84536,338130,25026,190379,18,46,245017,926709,3742023,2521685,879022,0.44,1.64,-13.98,36.65,3.15,-4.04,36.15,47.95,22.74,396936,8.54,72913,82287,3189,83450,665266,189551
10/18/2016,Marketing,235260,381129,94647,119100,58515,139241,123079,204429,129320,-9907,435767,105053,95975,82,47,120436,4740012,1361012,334615,1223061,2.06,3.11,24.73,44.29,4.24,-0.54,41.46,33.32,7.13,89424,7.64,101991,22932,177,195064,909103,193754
1/10/2015,Sales,102055,335873,72503,150515,57744,14831,-17025,237508,174533,93852,177942,193306,161292,113,41,-56600,1089318,1406619,1888316,1778044,1.93,2.36,-14.46,24.83,-5.24,18.68,74.43,17.83,38.41,369838,6.3,81449,28752,3422,22841,214842,328559
4/20/2015,Marketing,171982,198146,98883,36721,83392,47853,15985,335761,123937,86736,656696,174986,58191,18,11,-15771,3452410,1381705,2439396,31710,2.11,0.51,14.92,-5.71,22.06,-2.65,41.92,24.12,22.99,42012,3.76,86932,203778,4994,197764,458530,331247
8/30/2015,HR,349970,505178,57177,30504,31631,173497,138372,91564,254648,20031,314140,196489,108068,17,72,157928,1182154,542922,993650,1817709,1.0,0.97,24.37,46.02,-0.92,-3.52,78.79,15.8,28.29,93726,8.37,12159,250609,1278,195845,970766,76093
11/10/2017,IT,356859,145975,66664,48825,89048,102558,-17433,263782,21576,-25640,849846,192906,164142,13,79,9843,4736185,2884377,2220913,1729188,0.5,2.92,25.11,1.9,14.62,18.35,18.29,12.97,25.66,419213,2.67,22409,53448,4952,56017,648494,159384
10/28/2015,IT,354802,452771,185150,199969,92727,137188,37316,206723,97658,56271,295146,151445,198551,73,31,-86987,3452837,2877084,603358,673636,1.78,1.14,7.28,-9.49,23.89,15.22,26.52,44.22,17.14,29259,2.37,47798,199568,2555,168001,630446,277561
8/18/2022,Sales,188437,230720,86996,156395,20013,147652,121726,182668,249789,10693,568658,77077,8647,79,90,220572,2107096,844629,2525143,1842528,1.19,0.96,7.28,24.7,-7.01,14.88,25.6,16.92,17.29,295120,9.79,68856,162950,4323,176572,116817,90434
8/25/2015,Operations,447364,138654,58436,18354,28253,127565,82407,45823,281999,94708,767988,173545,85213,77,11,223759,1074471,1585559,925104,820132,2.16,1.61,-11.3,10.97,1.44,1.08,54.44,42.09,32.45,11483,5.66,78697,85082,606,131434,863322,54921
5/26/2021,Operations,411204,257325,60399,151138,88720,60810,36544,287931,81458,37231,643122,24680,51751,28,79,188400,950826,924973,2503788,1647489,2.57,2.78,-12.7,7.25,0.17,14.86,16.68,20.63,22.96,163799,3.55,189758,213013,1322,90398,807952,355256
1/10/2022,Operations,342936,109918,92919,208656,85631,87066,-7751,37387,201614,84298,747666,50714,164306,108,11,74416,1436405,2368873,786347,1914495,0.94,2.75,27.33,45.94,23.66,17.6,40.31,38.79,22.92,58400,5.7,12593,12050,3981,93926,834720,224976
7/12/2017,Operations,72348,296801,185682,279922,124695,69564,137569,158975,87404,15502,776182,136894,121526,118,43,-92054,927219,3308812,543819,1604132,2.46,3.16,-20.15,39.26,-6.99,8.76,18.04,34.33,16.26,317794,2.43,13916,144177,2211,134215,91652,97058
4/2/2017,HR,385330,289571,39775,221766,83783,92156,40624,310098,71295,-14540,203849,191849,171666,117,20,188980,2562634,2355722,1917933,1967926,1.82,2.39,4.49,21.55,24.18,4.57,21.12,24.56,22.57,72420,3.68,39590,82669,2594,56519,538296,121208
2/22/2015,Operations,89731,386078,163297,39880,127295,194062,117003,211778,238398,25745,178066,90742,113159,23,84,130723,735157,3149853,1804868,815439,2.43,2.66,3.18,20.83,7.88,1.04,61.18,22.11,7.18,164043,9.69,198023,168466,3258,146792,213196,45007
3/6/2024,Operations,470597,173325,180194,91049,116710,175239,81867,55570,68114,80769,549748,101113,15411,51,97,142541,686805,2020152,224610,1371747,1.0,0.79,5.44,27.43,-5.45,19.87,13.0,43.96,11.77,142232,9.09,37412,33038,3769,101590,106284,327890
1/27/2021,Marketing,435935,69502,75630,157022,41343,134722,94182,273302,58057,72090,198407,89765,188262,76,119,87900,1071351,3894216,748958,1409916,2.8,1.48,17.39,5.5,-4.28,-4.59,70.76,22.28,24.45,441630,3.99,48118,65124,1441,147551,137075,311060
4/13/2021,Marketing,123226,249639,37028,271255,120551,151398,90810,77571,252227,48709,313184,143034,84039,23,72,224725,1636422,179068,564362,1523100,2.1,0.82,27.69,-8.67,-0.43,-4.79,34.98,15.6,11.96,58689,1.62,155204,94015,1610,87089,20865,54120
10/15/2022,HR,139963,104038,28284,186736,111103,128498,25691,103942,226240,-1244,901906,191257,121108,42,24,115641,758826,802291,146639,618504,1.13,1.52,-28.05,-14.17,-9.13,-1.28,30.94,40.47,26.43,44460,3.48,31481,32982,2855,97214,387726,305145
8/27/2018,Marketing,204970,456098,86981,102330,81239,10191,25956,274200,275162,62524,678418,28574,126941,107,47,188562,4105101,1768799,1187295,1731112,1.41,1.52,-27.42,28.24,6.62,-2.97,18.09,30.84,21.76,443565,7.4,19403,251982,3157,129170,311454,408721
11/13/2021,HR,405479,106261,172288,43130,31981,179032,-3518,300585,191717,-26382,605261,177993,27666,65,78,-5213,771222,2958898,324475,1733574,2.62,1.92,14.03,-15.56,1.54,0.08,72.67,20.78,33.08,464943,4.54,71909,118452,4718,146389,696399,326099
8/1/2015,IT,116068,545840,27744,295853,105779,176615,86800,30873,221800,-35410,203290,140905,178043,24,108,-25999,3698588,2975036,692841,1909657,2.14,3.13,-24.48,41.9,-3.67,10.12,61.54,45.42,27.86,232901,6.2,107369,11274,4082,176619,347291,282595
2/13/2019,IT,299682,147850,104827,156541,35616,195026,36145,269946,83074,45244,352643,180676,14500,93,53,253520,1151054,3715882,2418255,1471651,0.14,1.31,23.49,38.18,10.52,4.46,46.0,34.2,19.81,351626,9.32,116440,65667,2582,38732,231123,167946
9/10/2018,HR,113507,471103,55022,210963,121899,148267,29339,151865,136634,46821,798352,130822,55193,85,80,-15978,876763,2192119,2359594,875143,1.43,1.7,16.67,13.25,-3.32,14.22,58.73,7.4,5.34,12222,7.39,102020,195035,2155,188738,852057,162469
1/10/2024,Marketing,214474,257416,138063,227701,68995,38890,145542,235269,176107,-39434,701723,37507,116661,82,23,-11613,3884838,1361199,2013464,163812,2.57,3.17,23.81,32.97,-7.87,1.56,66.88,17.9,13.18,327686,8.85,197075,201640,3460,58075,835862,394109
10/27/2022,Marketing,171884,370380,146941,120531,112952,177770,144356,53661,258921,65925,573877,96785,97612,92,24,136209,404954,2994158,2201861,1969935,2.39,1.76,-18.97,27.31,3.29,-1.23,53.31,43.41,37.24,20145,2.16,197591,276837,3193,155334,129010,406900
11/8/2023,Finance,64094,298905,111696,281037,47765,161112,118425,171546,217142,34483,333066,11351,86927,59,18,-57969,719763,1485298,2418493,1493029,0.71,3.06,29.94,12.34,0.67,9.61,13.67,5.88,9.34,470503,4.07,42330,247675,3738,83746,856213,455403
8/29/2017,Finance,142963,234326,46852,191767,144458,46868,-12716,37104,242963,6413,494991,63890,53665,42,76,1663,2993204,107154,349100,715228,2.17,2.21,3.27,-14.2,22.6,-3.77,74.27,41.93,18.05,240226,9.46,59955,223572,3979,20352,925146,15478
11/4/2024,Marketing,337070,234169,77447,178939,129521,35472,129345,57783,57128,62437,893798,57161,15355,82,59,97608,4459027,3036736,168311,1265505,1.81,0.56,16.48,44.42,17.49,-3.98,65.41,40.77,6.68,139461,9.19,145827,84566,1293,185325,149477,191058
11/16/2017,Operations,185651,112982,175516,133526,90936,52807,55675,82264,174592,12515,628457,182634,22360,45,102,-72155,4310906,2641063,1450856,1334658,0.7,3.14,14.49,45.98,11.31,6.47,70.58,7.57,21.84,366518,6.0,93846,192713,2987,127401,831772,129149
10/17/2017,Sales,263763,308127,101993,284945,30317,105100,61571,172611,269338,77806,957400,83056,68767,10,64,-79709,3606472,1519115,1049451,1862795,2.7,1.45,21.55,21.54,19.81,8.01,73.32,12.54,16.17,80543,5.48,128322,98973,3194,122317,126150,455721
2/24/2015,Operations,458599,64404,120302,79523,11827,6272,-12185,100023,133330,-10238,366096,7705,26325,82,58,66587,329294,3494226,2024767,1207450,0.83,3.27,-2.03,43.82,7.44,-4.73,14.43,38.39,33.55,113978,4.53,91939,243639,3635,170953,445938,26769
5/18/2020,HR,121644,72575,112892,231184,147485,146968,144593,75694,172976,-20798,811479,165703,184632,101,41,137351,1844521,2263453,1818747,908855,2.16,1.02,-29.05,33.18,8.69,3.02,70.83,18.28,23.85,499339,3.51,199648,145562,1982,154733,598297,355850
5/20/2018,Marketing,286134,406571,47812,92148,123675,35480,-460,279141,212605,69582,111470,44245,81168,30,108,39498,1156595,3227383,852888,616178,1.74,1.65,-23.89,-6.24,-9.35,19.71,58.14,25.19,12.13,260401,4.38,80982,240548,1147,180461,710660,408322
8/25/2024,Marketing,134635,292777,134297,276862,48184,168334,11007,59087,163782,-32352,43253,59363,84880,67,50,123659,129166,1547962,1789089,32627,2.48,1.32,-26.73,42.69,22.72,5.26,24.37,33.84,21.54,52114,9.27,178339,131120,4878,108388,397123,309956
10/31/2017,Finance,284487,332881,39901,299511,112940,65465,19921,380652,252133,31744,181759,129599,151615,53,33,93061,3508789,173817,1697966,1348717,1.69,1.23,11.52,9.75,-1.12,2.93,63.28,31.08,25.58,264472,1.83,193520,299381,1574,133682,163894,238506
6/9/2022,Sales,243797,183082,64737,282608,46630,97377,112606,226286,37579,56114,731773,137157,170496,34,96,-41899,3239826,3672428,2820406,708984,1.96,2.99,13.45,11.63,12.37,-0.87,63.79,9.93,29.66,246090,2.24,63116,67655,3141,104711,953290,418926
9/14/2019,Operations,425483,244168,64188,31291,133809,146983,58629,79368,127613,-47422,58320,78594,101644,61,34,180703,4477316,2651397,2287864,1268729,1.43,1.83,-19.19,-8.94,21.14,14.77,23.02,7.58,27.92,286911,4.64,168275,237237,4470,164903,264520,368915
10/16/2016,Sales,302985,139717,114963,32758,143013,168004,1547,180443,266560,-8192,423257,85044,190999,105,87,289410,2611423,695840,2022539,1967425,0.51,0.58,-25.32,-19.67,12.7,16.06,62.29,47.79,33.97,352817,5.45,165758,6039,1867,81111,26737,42768
10/14/2018,Marketing,111078,345839,33333,277333,125089,93831,116078,61671,226489,-21148,347985,20940,92098,50,29,159999,4814166,2271322,2736016,600777,2.7,0.51,-20.75,26.35,8.68,-3.78,22.86,23.14,24.77,173509,5.32,34019,8180,653,53474,127553,491685
8/12/2019,Finance,319623,101101,109214,249451,65854,85466,103689,104768,240653,-28603,781227,142562,95744,76,63,210458,2053402,416615,1913780,1267499,2.49,3.22,19.19,42.02,-0.51,7.51,32.68,37.81,6.24,316627,1.16,158785,102942,2470,80532,797975,222711
10/14/2021,Operations,131851,453558,162896,223021,94737,194430,146412,175455,289405,51686,883346,35897,175335,107,85,46184,1839041,169798,2028959,802281,2.85,1.6,-10.48,22.4,13.12,6.72,59.41,41.14,6.04,208546,2.23,143621,141516,378,40312,440394,115922
11/15/2020,Finance,234166,357043,33474,183619,110777,105099,-3985,220924,67620,94166,775037,171377,159521,36,25,158924,673583,2898009,2740509,1311120,0.71,2.38,16.27,48.36,3.09,-3.7,31.53,43.25,21.24,176048,2.3,148894,44277,1403,65058,498707,33260
1/14/2015,Sales,465486,219481,97617,116547,102919,16680,31588,372851,173259,-6327,28287,82484,78367,75,91,240773,4645113,67502,2939757,799693,2.07,1.88,24.5,45.08,23.2,12.98,11.22,27.78,38.69,389447,9.03,19004,206603,2580,70458,407331,279071
2/6/2017,HR,185522,272557,88289,87504,24525,191250,13595,184801,217320,-37431,304504,186922,11726,34,19,280092,2684266,3899200,1798665,1489670,0.74,1.52,29.27,24.19,9.37,0.74,12.03,5.68,22.43,32621,8.63,171644,89624,1516,60538,614716,234620
12/15/2021,HR,290810,466820,31335,166820,28195,194084,72802,258235,235502,52008,433491,109783,170485,41,60,36691,1538372,3711301,2661610,1378749,0.38,3.38,-4.88,35.56,21.76,8.99,16.16,45.46,8.44,220107,5.27,151237,293637,468,100521,316016,374650
11/29/2020,Marketing,170850,435202,90149,106070,67297,23304,133418,364648,87862,76755,621816,190755,132879,55,23,193623,2619957,1526887,1619740,1436981,0.38,2.62,12.84,37.47,14.19,8.99,17.52,12.11,17.19,486323,7.61,47267,44428,221,101064,285071,275816
2/19/2020,Marketing,153414,201778,171256,214639,136500,177511,-9039,31818,56190,57615,213514,77248,111987,71,56,99871,2323938,2579887,2570026,1504450,2.33,2.25,-1.85,23.76,15.13,16.53,71.83,9.75,20.92,365633,6.73,135751,108747,4412,116932,990470,428615
3/16/2022,Marketing,435396,112701,158125,267519,22026,168053,-3378,38936,224805,48358,101735,168856,136668,27,86,236399,2895285,2120231,1287845,734617,2.55,3.15,0.48,18.51,20.13,7.74,62.96,16.13,35.83,465747,1.11,63417,184167,1295,71105,590908,273472
10/9/2017,IT,233714,393315,178537,69174,76047,11376,-19274,110567,116846,51690,16513,105613,72740,25,96,221806,4520270,3798934,2292998,1100262,2.67,1.33,12.56,-13.39,18.85,1.62,28.56,22.46,9.31,158006,4.15,22135,280070,312,97895,168724,19011
11/28/2024,Operations,139528,79410,135119,132497,87931,160758,95995,221473,196160,-4350,436078,146482,61780,13,73,214710,132854,2756834,1344672,879612,2.1,1.14,-19.18,45.22,10.81,19.91,54.87,31.2,16.44,480716,5.23,32452,265311,4458,23952,866596,66795
5/6/2017,HR,424690,248523,22048,225441,122381,13080,-9498,353966,222551,-44599,110653,78794,97016,64,61,208735,510207,3868638,178597,1317319,2.41,3.18,-13.25,32.4,-8.45,7.31,37.1,26.88,36.95,456669,3.98,158441,72049,3996,132832,188469,419882
1/20/2016,HR,102672,374984,161680,99124,148645,146511,137849,97053,25281,-32290,541142,15451,154930,99,75,-75542,2722667,2263086,1169448,762480,2.19,2.76,27.13,-9.37,11.21,14.26,44.5,13.42,23.85,242502,3.82,114741,236775,3714,66268,637787,98726
12/28/2017,Finance,84869,417155,187921,156007,34070,171227,23246,142516,263374,-43771,458393,118669,119191,41,84,-29109,284190,439885,2895676,596004,2.2,0.68,-21.74,24.49,13.4,16.88,41.14,9.86,28.3,343483,6.89,116897,5227,455,184236,655616,173643
3/12/2018,Operations,245417,247475,32864,282458,65056,71566,79968,267819,207995,-986,572686,197043,35839,54,69,72741,2675389,1832445,2456960,1189011,1.7,3.12,4.49,16.04,-7.52,4.62,52.69,5.0,10.07,418562,8.96,79584,122922,205,127891,764990,491946
5/3/2021,IT,457555,342489,89674,149019,102185,71904,15924,377154,206992,90317,808434,184749,43386,10,87,153201,2559298,247730,1604264,462704,1.18,0.72,29.82,-3.45,-4.43,5.83,23.07,35.75,23.63,498294,8.11,134933,279703,567,65634,468787,408939
5/2/2018,IT,248474,210651,136059,48944,89606,59865,115433,294082,247673,63845,272003,82655,56537,28,53,136432,4312046,3254691,549511,1824942,2.79,1.23,20.89,-11.04,15.3,-0.65,48.88,23.85,6.96,127342,5.14,119935,191054,4861,97046,151809,273271
3/22/2018,Marketing,350907,529463,33796,30952,62559,92072,51978,125742,95077,-13333,561750,78377,86462,101,64,-57434,1852069,3006410,1050224,666274,2.95,2.6,-5.77,15.68,23.23,1.66,65.8,11.61,33.98,461922,7.52,52569,214937,2649,64669,213134,268047
8/3/2018,Marketing,420638,63516,133706,260680,90596,67692,144764,60828,108870,16803,630011,151947,87337,52,50,89420,1543136,1689189,94238,164108,0.89,2.61,-24.83,18.5,-6.53,-0.57,50.15,22.25,17.91,483344,4.39,94971,17869,1736,173690,570961,475026
10/20/2018,IT,479613,342187,22025,233738,99760,137107,106529,397702,49655,74169,939503,26658,67631,113,76,96572,183088,191565,1704718,727214,1.83,2.24,7.08,39.09,22.96,-0.67,40.06,37.54,11.51,461267,9.03,52027,27380,2359,25314,26920,399193
9/24/2017,Operations,274297,549737,89892,69267,37554,105122,8634,300410,162206,-35371,249962,55575,46319,88,79,70403,2136810,320805,2343689,700542,0.8,3.19,18.16,35.56,-2.34,-1.69,13.2,18.85,13.71,161544,3.37,61326,61515,3491,90062,575169,166013
2/13/2022,Sales,154662,464208,89597,209639,42117,178307,81901,79683,256630,-20001,975832,176899,147390,80,35,293529,3914351,1123377,2174545,108714,2.68,2.64,-10.73,-10.99,23.3,8.41,37.84,30.38,10.66,406125,6.86,107227,192896,3816,74736,310762,211455
5/8/2021,Operations,334760,221053,169924,289641,90482,177501,53621,90716,185128,55459,847421,55520,104554,84,66,192648,2511731,2483084,1402187,86058,2.5,1.78,-3.57,-6.22,7.42,7.2,64.85,14.4,6.05,436075,5.75,17203,120010,2423,183786,100259,132055
3/12/2023,Finance,303074,236066,145529,173640,87666,130343,129661,393154,160916,-28915,603780,92062,129642,14,102,75084,903052,635775,2434209,502535,2.8,2.4,25.44,37.28,-3.87,12.07,68.18,38.43,26.97,476473,5.0,124597,203102,1349,195165,522968,23537
7/31/2023,IT,365753,543172,122689,285385,98098,112202,22405,315242,190046,51816,407795,132878,99955,82,17,246000,4365007,3472276,2216087,1088799,1.25,2.94,1.57,-17.69,13.09,9.17,37.27,13.62,15.1,332041,1.03,50625,187686,1052,68201,237748,388775
12/25/2022,Finance,444558,188491,108889,167731,9764,127858,61138,114219,46938,25814,895292,73996,7420,111,62,263693,1894320,3773385,86487,311303,2.76,0.68,-11.17,-13.38,1.12,13.74,35.65,46.01,25.0,273686,7.01,157933,181922,3619,127920,24217,361197
10/22/2021,IT,429652,249698,175119,179192,132979,119776,37673,391066,23266,33823,460988,75409,186475,99,80,232707,2869293,2393390,357624,976207,2.48,0.63,9.11,-5.85,5.2,-1.44,64.86,27.81,18.08,270346,9.27,163317,157218,3125,102145,27220,159475
6/9/2016,HR,228286,549284,154899,213400,31497,193673,82960,34694,163920,-27309,489559,57061,50948,43,112,-25106,2421099,3770029,623953,1864290,2.6,0.84,7.57,18.31,18.07,5.08,60.85,26.02,36.87,437469,5.76,106116,102745,1945,180473,665203,172490
5/10/2024,HR,153736,360453,175818,242644,107645,74016,18831,175397,261114,62509,366082,55784,31318,77,67,186131,4331102,3704795,2241915,1357988,2.8,0.91,-24.76,13.58,1.6,17.29,19.92,43.99,24.77,95815,1.56,19889,100941,4971,146103,818414,31876
12/25/2023,HR,220901,245462,41563,111908,37115,41650,26784,107074,57168,-20185,701869,29365,142845,77,96,-3664,1350889,1531395,515894,610143,1.71,3.47,20.91,4.77,-7.92,-4.01,75.79,17.46,13.6,385482,7.88,178049,277542,28,155016,889558,116280
10/12/2024,Sales,400165,106262,72796,196143,40958,194929,76108,264776,67147,37546,700115,187672,103931,78,103,242945,4586188,2271231,1784919,529495,1.49,1.87,18.04,27.68,6.78,18.12,60.44,24.02,8.11,344030,2.47,159015,125087,768,132388,853710,122757
10/29/2015,Operations,115120,67215,172116,272901,114470,172020,-16009,268646,261960,-5372,124460,86361,190518,58,89,213904,3150498,1353434,884689,1397244,1.34,2.88,-28.35,-17.58,19.19,19.81,35.53,47.03,28.43,464082,7.55,91413,88783,4926,103906,268928,261837
12/7/2019,Sales,125045,309047,57477,283528,128111,81964,46555,336240,272498,70152,561947,93607,75732,53,36,-66042,3459821,639647,2711819,1607086,2.64,1.79,-29.08,0.41,21.71,12.49,61.55,47.18,31.15,362048,2.69,144751,180291,4663,22439,869391,164936
12/25/2017,Sales,182916,375154,30562,112510,19002,166516,84239,388132,120317,-27822,26474,58738,63638,57,57,-74510,2372686,1157130,2456038,412181,1.46,3.08,24.47,16.22,-5.41,7.84,66.76,7.9,36.27,264206,1.26,97237,291812,4316,191684,908330,197736
4/22/2018,Sales,361845,152602,99131,180258,97477,115071,61515,276137,172910,40605,486743,112896,152975,21,48,213998,190416,1269583,2282575,577918,0.2,2.36,0.39,46.48,15.25,1.87,76.95,39.36,9.28,385652,8.7,100766,289706,3059,42064,581593,452959
5/3/2022,Operations,333000,538758,75190,215388,87840,166250,85487,273980,21028,60881,357333,74621,56153,30,89,232152,4182404,2655039,874969,991637,1.79,0.78,-19.22,5.9,2.41,18.47,68.25,24.76,7.97,77826,3.63,112377,220121,911,63489,935372,484072
5/8/2020,IT,461025,528411,164199,125947,82058,164504,113769,78642,221702,-16741,310334,32427,86568,94,112,36888,231100,765143,2123957,1149744,1.1,1.86,12.83,3.16,8.76,12.67,75.1,24.54,20.13,296715,3.41,174606,125453,1206,25385,936419,215960
4/7/2022,HR,287047,447074,163139,128989,97518,88983,51312,139268,146495,-16047,90062,120431,149906,73,110,137614,1951516,2513315,1446258,1482353,2.0,2.27,17.3,-15.21,-2.99,7.63,64.43,14.53,8.3,59559,1.61,138186,230950,1739,197353,681306,18625
2/3/2018,Sales,359368,257020,139376,52022,99324,62336,101898,41102,292323,55566,163015,163951,69475,36,88,133059,4184010,2968686,1756545,972510,1.73,2.34,24.06,46.32,12.88,2.07,17.59,7.49,18.54,143191,6.63,185627,113718,3291,46463,698774,457019
7/30/2018,IT,429158,271015,44151,263720,93929,136477,-10707,183207,67696,50887,847301,158268,99022,54,15,228837,4303276,3645002,1880931,470888,2.24,0.53,-0.82,31.25,-8.51,17.5,12.29,5.71,16.48,197430,2.13,168089,111633,1108,72259,354496,409159
5/7/2016,Sales,71745,486814,176784,220741,146745,140537,120442,102759,176029,56271,483328,178493,111331,81,27,231201,1930614,3563409,1118577,1480100,1.34,2.77,-8.63,28.3,4.64,9.49,51.38,18.16,26.01,270309,4.23,118119,86670,3239,159789,460114,124804
12/31/2024,HR,68996,546610,139642,255611,44317,177551,81442,134633,237560,37031,835166,50133,137187,12,47,210420,4402976,2027423,1723040,733470,2.02,1.45,-23.68,-12.6,-2.07,9.77,43.31,22.76,27.91,314457,3.92,163233,12585,2622,64461,152269,471389
7/17/2024,Sales,173436,65017,96642,219312,10380,165281,63941,251048,96235,73723,772182,10578,126764,73,72,36044,1696948,2992473,1812358,1463769,1.95,1.51,-26.68,48.6,14.46,1.41,39.77,10.73,36.74,90878,3.05,82805,236752,3883,114200,626012,421417
4/30/2019,Finance,213333,466418,163112,228346,138998,139748,13827,223989,214873,38981,930103,13983,121924,50,62,48532,4375379,2064530,960444,1128867,0.69,2.54,20.13,2.3,6.44,8.12,79.11,44.66,35.0,301182,7.46,174765,153371,2638,105873,635251,258834
10/13/2016,Marketing,81033,544745,82512,46822,72388,143779,17106,96702,170339,21809,56438,53448,198432,32,102,194469,2834664,3575641,1063062,1238898,0.16,0.88,13.63,-9.97,14.72,3.15,10.97,38.76,22.93,318720,7.39,54441,155588,1804,67534,454138,240813
11/29/2020,Sales,434832,260370,133180,146838,17727,131910,63668,291109,146660,54302,712360,7319,188634,52,47,221468,4917757,1915663,2163529,1604240,1.53,1.84,18.04,14.67,15.76,4.39,17.98,15.26,30.58,263469,5.65,117054,25959,2298,146183,889688,200518
7/22/2020,Operations,460873,423829,190793,77915,58226,49993,108754,72017,291138,82275,611466,108217,129209,66,102,34,4739184,1477160,449057,1345984,1.97,1.67,22.17,-14.18,-8.11,18.71,56.51,16.19,27.41,350864,3.29,101824,141190,2771,31286,920899,342797
6/3/2023,Marketing,159817,406305,20260,173970,86583,15418,82154,256921,200503,88965,435931,133522,187334,32,83,171157,4533072,1912089,706245,1980909,0.11,0.75,-27.14,33.46,16.23,2.54,32.81,32.71,17.32,321079,6.98,17997,150036,1521,141336,317898,238684
6/30/2022,HR,270933,323550,102079,111811,30078,66820,44701,386828,123768,21693,499514,171884,118435,119,47,118551,4214407,1964343,2873366,429445,1.08,1.55,23.87,36.1,20.36,-4.62,65.15,28.26,23.21,397957,6.02,148284,294918,2739,109523,850738,346350
10/11/2015,Operations,250360,323401,107257,103079,121463,136180,97135,228455,247601,35541,609034,173560,88367,68,96,199905,2180328,3231276,371946,1844693,2.85,3.48,-20.99,24.25,-3.32,-4.7,40.46,20.41,23.75,259499,6.32,133183,299792,2185,106409,668190,303559
4/3/2024,HR,252497,127470,45971,234691,125087,35653,79530,96163,269191,52199,238918,163119,22648,91,77,187546,1901187,1103258,143592,1172925,0.45,3.34,-22.53,17.54,1.31,16.61,12.6,16.2,28.4,392356,2.72,80775,179203,4156,189729,73719,245029
3/21/2022,Sales,244960,240324,64073,160444,142621,83357,47579,245180,180034,98750,790353,41727,197129,35,99,130135,361563,1383214,1359992,391923,2.58,2.63,13.3,27.14,-3.07,12.55,52.05,13.74,13.28,168930,6.84,172088,189981,2298,76242,593952,382719
3/22/2019,Sales,251165,182670,47377,118758,70804,109324,49029,250962,205950,14000,428700,106329,100052,112,36,299,4979822,3705860,2178465,1280804,1.59,1.25,-18.94,48.06,8.54,-2.04,25.91,12.16,23.87,318714,3.94,199174,195911,1283,43923,383703,430601
5/28/2018,Finance,467240,295234,30532,224122,87362,48616,136103,139627,299283,-20987,337533,71649,59279,20,23,-54560,2394209,1295822,973660,734371,0.36,3.37,-7.39,38.85,8.06,16.35,32.18,38.47,18.98,169804,9.43,17019,83408,2833,144731,633475,382009
1/9/2024,Finance,203766,516355,138936,193570,58634,39082,96853,220961,70895,30058,70887,135650,49211,57,43,112931,1133178,3022467,2620675,1383794,0.3,3.47,-19.07,49.68,14.48,9.44,77.6,13.84,17.47,461600,9.69,164914,95629,3281,173361,709668,164647
3/16/2020,Finance,441742,132654,172269,61914,41028,20815,89851,190711,113716,-28684,248444,146652,149936,110,52,212573,339868,2867091,1158867,1537209,2.83,2.47,27.39,34.95,6.06,5.88,29.97,35.12,35.08,422197,9.93,164448,299290,4206,80071,176422,492847
12/17/2015,IT,283322,500673,31158,288869,103178,13471,29096,123575,39713,-32536,568938,178409,190879,74,71,179695,2142504,3691891,1633315,1220111,0.36,2.39,29.99,0.14,0.17,15.8,50.74,6.82,6.55,388171,7.57,9709,15781,3049,176005,302779,391819
9/29/2024,IT,93394,141602,90927,136286,65362,177614,52786,101947,278964,81367,340289,60115,48774,67,18,5490,3889365,66282,396154,1336703,1.81,2.17,-22.26,-16.26,15.44,19.79,48.0,20.75,32.51,339189,1.04,90895,229529,4129,135435,168427,320161
12/25/2018,HR,363694,183841,40712,251448,37897,131997,140630,355206,166458,78560,47299,86657,178624,58,76,266791,512999,641251,1208848,77364,1.81,2.01,-29.17,9.58,20.15,11.88,18.38,41.51,18.93,96748,8.63,194987,210087,3557,174363,765452,281758
4/25/2023,Marketing,186904,182208,81143,89043,44719,27485,10109,308195,111033,16923,176329,47473,155686,63,89,297571,4497434,2789314,2843128,297728,1.25,0.97,16.81,-8.38,11.97,-4.64,73.89,13.02,31.03,315047,3.88,65141,176244,4059,120225,946794,178928
9/19/2017,HR,408506,60480,148570,268297,112687,172515,268,210695,51616,14482,989376,170415,131694,61,45,103161,1233721,1717002,1889622,1488322,2.29,1.94,-22.27,39.41,8.03,8.72,14.24,30.45,17.64,419890,7.15,85540,187206,585,114928,918335,99992
9/13/2020,HR,227778,388233,143655,46075,70440,179503,39283,161267,85790,-30862,118968,136754,109601,46,72,108849,4881125,1772107,106752,591120,0.63,2.39,20.16,15.97,4.92,0.3,63.15,26.7,20.39,311142,4.08,63739,230848,4135,141127,802601,327814
11/15/2016,HR,384066,288371,81092,248598,148889,23870,122834,243862,182388,28378,833363,131970,181773,18,48,119301,655664,2288673,1017629,371166,0.94,1.49,-0.47,10.77,7.41,1.86,70.89,35.61,27.27,385592,6.9,81645,114172,875,76724,55985,337732
11/12/2023,Operations,413555,507864,184516,16427,88460,188597,39579,289216,198378,5115,534628,109760,9239,111,39,155030,2256873,2508231,545845,1816135,1.38,1.45,-23.75,6.08,21.76,-0.6,64.49,16.53,35.81,445397,7.39,182880,110059,2267,148541,648682,211813
11/16/2016,HR,415903,315455,40374,130761,122579,54057,127389,261998,223403,29108,813269,29209,5268,22,71,-7407,970562,2168965,2457460,404834,1.96,2.5,14.25,16.81,23.88,10.67,39.28,6.71,33.67,381501,2.43,184408,95470,2245,165608,929869,95545
3/1/2023,Finance,496742,179101,193764,283094,61471,47500,100844,383201,20074,39863,436197,21617,173319,86,14,28907,2059309,1128682,1547116,1773201,2.21,0.64,-26.48,32.33,22.0,12.01,62.27,8.73,11.74,458109,7.95,108261,213125,4392,48854,715757,218537
6/6/2022,IT,232695,281247,39502,79698,143071,76352,80003,249329,64389,58427,58104,136546,158705,105,51,123115,2281007,1431927,326676,120322,1.71,3.18,4.59,36.1,-4.44,6.7,38.65,14.52,9.0,306374,1.36,176840,204469,3030,102604,815431,43733
11/19/2015,Finance,343266,365204,124779,56061,134232,73297,80072,114083,25118,-6047,449834,55731,50255,14,17,74651,4638871,840025,2509735,527644,0.79,3.13,7.78,4.07,12.8,4.98,72.09,48.52,24.0,132940,5.65,152727,162080,4659,155186,96796,395133
10/1/2016,Marketing,99050,279434,176434,216014,83827,179973,104988,222921,220996,91418,969807,79469,84569,99,77,-37724,1020727,3785326,1591374,1097355,1.32,1.79,-3.64,25.84,12.8,16.6,10.19,6.89,24.99,457749,7.34,72514,83332,3640,55150,97348,125425
1/23/2018,HR,74094,352042,24161,75119,62395,91205,70886,154957,41869,-10234,974470,111602,82710,92,17,-61146,579584,3675262,1216440,572099,1.14,2.71,15.27,-4.16,20.97,-4.48,54.67,19.34,26.38,108796,8.39,135866,170367,1756,146082,793741,424714
2/16/2022,Sales,381432,318386,128804,226123,115674,169807,995,293443,207456,69917,346632,158730,10696,34,109,-18505,1259337,2568633,1201579,1772210,1.72,2.9,-4.64,30.14,20.39,11.69,64.14,9.09,17.01,119366,3.94,179727,79539,3691,127367,310353,22451
7/13/2023,Finance,449563,403946,192717,86871,109809,188423,80719,248710,179582,73813,662878,74917,199396,94,101,114585,3667004,2158983,2886317,1690997,1.72,3.4,-7.33,6.67,12.88,19.28,16.9,19.21,7.96,461070,5.19,169951,124372,3465,38289,866173,195280
2/13/2021,IT,248733,311219,97354,261399,22126,182003,76253,240193,97622,-34738,921785,19913,171233,58,55,22093,3201436,2220645,2738746,655768,2.86,1.94,1.8,23.79,3.49,2.19,38.42,42.03,26.67,352946,8.95,31474,138747,117,39828,729709,345430
3/16/2021,IT,180544,112066,136688,221656,26734,7962,-9124,195224,228384,24112,160182,182492,20688,14,43,236153,2559997,82407,1183807,1299016,1.02,2.03,14.21,41.31,1.99,2.92,59.3,37.72,24.25,277253,9.56,36467,88641,1757,45230,678802,214847
6/18/2024,HR,71012,454545,68894,26131,62756,19945,-18141,205528,217039,78317,385078,84562,170358,94,96,170085,4670815,3330066,2639867,327850,2.54,2.44,-26.67,-9.9,-1.05,19.25,75.34,26.25,23.25,392081,2.1,160770,70305,2375,138858,688907,441973
12/13/2018,IT,288276,213837,24345,268240,70342,93456,82209,219968,247339,-19445,26576,193381,147813,118,109,-4024,3328658,3765404,1362857,1296285,1.94,2.92,13.24,6.58,21.6,-0.74,30.76,5.62,39.06,465716,8.9,182583,20337,3909,121081,56291,475292
12/11/2019,Finance,432254,121735,38313,29336,96224,12476,19414,297342,38740,36088,36514,52887,26599,82,95,175617,999930,1107840,1490004,448993,0.7,2.14,-28.56,9.6,-5.53,19.78,49.03,41.35,17.14,135102,6.8,79187,67451,2491,81843,343934,11326
8/15/2024,Operations,220677,480779,180386,120565,101019,14480,81021,355192,289074,30304,272105,71148,66476,101,33,249970,2883101,109113,1739792,868142,1.87,2.12,5.41,-11.78,16.9,0.14,60.4,21.17,35.05,49902,1.61,19591,58133,2821,141075,664585,372634
5/14/2017,IT,251513,293731,159206,193437,33250,9116,58919,347533,88459,-45965,931272,173749,169866,103,70,75198,4953163,756068,676779,436135,0.15,3.36,-20.85,39.66,-6.67,9.23,35.81,8.03,13.87,21263,7.26,163301,292013,3447,154112,452437,333290
1/12/2017,Operations,311841,105529,171268,73441,113334,87003,144832,183425,201319,84082,807813,120399,132501,26,85,-88023,1554377,3243277,188717,336498,2.31,0.79,-5.8,27.94,-5.32,2.24,10.38,37.26,14.12,261054,3.02,62316,253204,229,130019,86932,229984
8/24/2022,Marketing,262561,289970,56487,286044,122985,190600,123796,140022,79257,13759,205539,190273,72751,20,37,61513,2758784,982909,1428695,1824426,2.19,2.46,9.22,18.95,7.23,11.83,49.29,19.52,5.04,236943,2.96,159917,168094,4734,150552,243506,475792
